2600 3934
194 186 239 251 20
591 230 594 233 .
624 180 734 238 Ll'ssER
751 185 772 238 I.

237 329 387 395 Audistis
410 329 530 394 veteris
553 329 678 394 iussum
702 329 920 394 moderamine
943 330 1038 415 legis:

194 418 346 483 Humano
371 419 399 482 si
422 417 495 502 quis
518 418 691 482 macularit
715 419 872 503 sanguine
896 419 1039 502 palmas','

193 506 256 572 Ille
279 528 354 571 reus
381 505 466 571 ferro
490 507 654 589 persolvet
676 505 802 570 vindice
825 527 956 590 poenae.

195 595 258 660 Ast
282 614 342 679 ego
365 594 575 680 praecipiam,
599 616 639 659 ne
664 594 735 679 quis
758 615 953 680 consurgere
975 595 1010 658 in
1032 594 1100 658 iras

195 683 323 748 Audeat
346 687 443 767 atque
466 682 540 748 odio
555 682 677 747 *fratris
699 682 845 747 fervente
868 682 1000 747 moveri.
1154 698 1204 747 500

194 769 281 836 Nam
302 793 376 836 reus
400 771 453 836 hic
477 792 580 855 aequo
603 792 726 856 poenas
750 772 810 835 sub
833 770 937 835 iudice
960 771 1086 854 pendet.

193 857 263 924 Nec
285 859 393 925 minor
415 859 547 924 illorum
570 859 716 924 convicia
738 859 871 923 flamma
893 862 1054 943 sequetur,

195 947 258 1024 Qui
280 948 366 1012 fatui
389 948 538 1013 miserive
561 948 646 1012 cient
672 948 732 1011 sub
755 948 886 1012 nomine
909 946 1053 1012 fratrem.

239 1035 298 1101 Sin
321 1036 436 1101 offerre
457 1036 563 1119 voles,
586 1057 744 1100 venerans
769 1037 900 1118 altaria,
924 1057 1040 1100 munus

192 1124 238 1189 Et
261 1129 320 1190 tua
342 1127 420 1189 tunc
442 1124 560 1189 tacitae
584 1124 702 1189 mentis
725 1124 907 1209 penetralia
929 1128 1057 1208 tanget,
1153 1138 1205 1188 500

194 1212 288 1289 Quod
310 1212 372 1277 tibi
396 1213 439 1276 sit
461 1234 534 1278 cum
557 1212 658 1277 fratre
682 1212 770 1277 domi
793 1216 943 1295 suscepta
967 1213 1132 1296 simultas,

193 1301 330 1366 Munera
352 1304 469 1366 cunata
491 1301 560 1366 illic
583 1301 692 1386 adytis
716 1300 847 1366 admota
869 1300 1015 1384 relinque

193 1390 239 1455 Et
262 1390 351 1473 prius
375 1389 416 1453 ad
437 1410 551 1474 pacem
574 1411 752 1474 properans
775 1393 960 1454 transcurre
982 1388 1166 1472 petendam.

194 1478 353 1543 Fraterno
377 1478 506 1542 demum
528 1478 595 1541 iam
618 1478 809 1543 conciliatus
833 1476 937 1542 amori

195 1565 284 1631 Offer
307 1570 403 1652 grata
426 1565 485 1631 deo
508 1566 688 1649 tranquillo
712 1570 841 1651 pectore
864 1566 958 1631 dona.
1155 1580 1208 1630 510

237 1654 299 1719 nst
322 1653 384 1719 tibi
407 1658 577 1737 praetcrea
599 1675 727 1738 semper
749 1654 912 1719 contraria
935 1653 1040 1718 virtus
1289 1658 1290 1679 ¹

195 1741 361 1827 Corporis3
384 1743 446 1808 hoc
469 1743 553 1807 casti
575 1742 673 1807 celeri
696 1745 825 1808 curetur
848 1763 971 1826 amore,

194 1831 281 1896 Dum
304 1831 437 1913 rapidae
460 1834 568 1895 tecum
592 1830 739 1917 graditur
761 1853 819 1914 per
841 1831 983 1913 compita
1006 1831 1101 1894 vitae.

194 1919 375 1984 Accusabit
398 1918 484 1984 enim
507 1920 628 2003 polluti
651 1920 796 2002 corporis
820 1941 898 1984 usus

194 2007 241 2072 nt
263 2011 295 2071 te
319 2007 451 2074 sublimi
474 2011 599 2072 statuet
622 2008 683 2072 sub
706 2007 809 2073 iudice
831 2007 984 2072 vinctum.
1152 2022 1206 2070 515

194 2094 394 2161 Damnatum
417 2096 546 2180 rapient
569 2096 611 2160 ad
634 2096 762 2161 vincula
785 2116 882 2160 saeva
905 2094 1047 2159 ministri

194 2183 264 2249 Nec
286 2184 378 2268 prius
401 2207 419 2249 e
441 2184 584 2250 tenebris
609 2184 746 2249 solveris
769 2183 905 2248 carceris
930 2185 1006 2266 atri,

197 2270 325 2336 Ultima
348 2294 445 2356 quam
468 2273 595 2337 minimi
618 2273 772 2337 reddatur
793 2271 903 2356 portio
925 2272 1059 2336 nummi.

240 2358 335 2425 Haut
357 2361 484 2444 ignota,
506 2383 594 2444 reor,
618 2361 710 2425 vobis
734 2362 802 2424 stat
824 2359 931 2425 cautio
955 2359 1038 2444 legis

195 2446 322 2533 Corpus
346 2448 506 2514 adulterio
530 2449 718 2532 prohibens,
743 2448 798 2512 sed
821 2470 906 2514 nunc
929 2469 1001 2512 mea
1024 2448 1114 2513 iussa
1156 2464 1212 2514 520

197 2535 331 2601 Occulta
353 2537 501 2602 internae
524 2537 654 2601 frenant
677 2536 846 2601 molimina
869 2537 1001 2601 mentis:
1091 2580 1096 2591 »

195 2624 264 2689 Nec
287 2624 393 2690 minus
418 2625 523 2710 optati
547 2647 643 2709 quam
666 2624 745 2688 facti
767 2646 873 2709 poena
895 2624 1013 2693 luenda
1036 2628 1095 2689 est.

241 2711 277 2777 Si
300 2715 333 2777 te
356 2712 441 2779 forte
464 2714 550 2778 oculi
573 2713 679 2787 dextri
702 2713 901 2797 laqueaverit
925 2735 1024 2795 error,

196 2800 373 2867 Auctorem
396 2802 534 2867 miserae
556 2823 735 2886 properans
759 2801 933 2867 convellito
957 2801 1043 2866 labis
1289 2876 1291 2883 Ι

195 2890 242 2954 nt
263 2889 404 2955 iaculare
427 2891 551 2975 procul.
586 2889 674 2954 Nam
693 2891 876 2954 membrum
894 2889 1028 2973 perdere
1046 2889 1147 2953 refert
1157 2905 1216 2955 525
1289 2892 1291 2965 l

195 2977 378 3064 Exiguum,
401 2978 543 3044 flammis
568 3001 665 3063 quam
688 2982 796 3043 totum
819 2978 933 3043 dedere
956 2999 1073 3063 corpus
1289 2978 1290 3033 l

197 3064 431 3150 Perpetuisque
456 3069 598 3132 animam
620 3067 744 3152 pariter
767 3067 959 3131 convolvere
981 3067 1105 3152 poenis.

199 3153 246 3218 Et
269 3154 297 3217 si
320 3155 433 3219 dextra
456 3177 570 3220 manus
594 3159 736 3219 mentem
759 3176 816 3238 per
839 3155 932 3220 devia
956 3155 1056 3239 ducit,

268 3382 319 3430 501
339 3394 427 3445 aeque
446 3377 614 3435 newa
638 3383 643 3448 l
668 3381 767 3436 reesa
786 3383 824 3435 n
840 3383 905 3450 (aa.
924 3398 974 3438 so.
993 3383 1109 3452 penses)
1134 3385 1221 3453 vaca

197 3446 341 3524 1010οε01
357 3450 361 3516 Ι
378 3446 459 3502 donis
473 3465 528 3518 pro
542 3451 674 3506 munnsR
686 3452 725 3505 M
733 3453 743 3518 l
757 3456 808 3504 511
823 3468 976 3521 semper-
987 3452 1077 3507 virtus
1093 3452 1127 3507 0¹
1135 3454 1220 3520 Mat,
1289 3448 1290 3475 ¹

196 3516 329 3569 virtus-
341 3534 450 3586 semper
469 3520 478 3586 ΙΙ
501 3524 552 3573 001
571 3519 683 3574 frenant
702 3519 770 3575 0¹13
787 3523 841 3576 dia.
861 3537 912 3576 err.
933 3522 1003 3577 Μ’*
1015 3524 1088 3590 Mat,
1107 3522 1222 3578 feriant
