2600 3934
495 134 528 190 V.
549 141 699 191 eae-687.

91 281 181 357 Quae
203 302 263 346 vos
286 232 440 344 interris
464 279 617 344 statuetis
639 282 787 364 tempore
809 281 909 365 capti:

89 369 278 434 Mansuram
300 367 376 451 tibi,
400 389 498 451 quam
520 367 629 453 ponis,
652 372 785 453 portare
806 390 937 434 necesse
961 373 1020 434 est.

89 456 203 523 Cernis
228 456 459 521 adhaerentem
480 455 641 520 festucam
664 456 698 520 in
720 457 842 521 lumine
864 457 990 537 fratris,

87 545 157 612 Nec
180 551 292 610 tamen
313 543 348 608 in
370 543 503 630 proprio
526 543 656 629 tignum
679 546 854 610 consistere
878 547 980 610 sentis
1048 563 1100 611 ceo

89 636 199 718 Atque
223 633 351 698 oculum
373 631 463 717 prius
487 631 621 696 alterius
643 651 785 717 purgare
809 633 953 718 laboras,

88 723 210 807 Deripe
234 721 290 786 sed
312 719 445 805 proprio
468 719 570 785 fallax
594 720 633 784 de
657 720 777 786 lumine
801 722 943 807 lignum,

90 810 182 876 Tunc
205 809 373 874 minimam
396 809 532 874 alterius
555 809 684 874 curabis
707 809 835 874 demere
859 810 1004 877 aristam

89 898 139 964 Ne
163 898 298 964 canibus
321 901 413 963 sanct
413 919 469 961 um
492 897 644 962 dederitis
668 918 748 962 neve
770 898 879 963 velitis

89 987 245 1072 Turpiter
267 985 432 1051 inmundis
454 985 577 1050 iactare
600 986 736 1051 monilia
757 988 874 1070 porcis
1049 1003 1101 1052 see

88 1074 240 1160 Namque
262 1069 353 1138 illa
344 1096 379 1138 m
401 1095 501 1140 coeno
523 1073 661 1158 pedibus
685 1073 831 1139 subiecta
853 1075 1006 1142 iacebunt

89 1162 311 1248 Conversique
335 1183 409 1227 sues
431 1166 525 1227 vasto
549 1183 607 1227 vos
630 1163 764 1227 uulnere
786 1167 947 1247 rumpent

135 1251 290 1317 Poscenti
312 1250 455 1334 dabitur,
479 1271 637 1335 quaerens
660 1250 792 1315 inventa
814 1252 952 1334 tenebit,

89 1339 305 1424 Pulsantique
328 1339 436 1404 aditus
458 1338 585 1403 foribus
608 1338 768 1423 pandetur
790 1340 921 1424 apertis.

89 1428 163 1495 Vos
186 1428 334 1493 homines
356 1428 444 1492 natis
467 1448 585 1511 panem
608 1427 818 1510 poscentibus
841 1450 953 1493 ornnes
1051 1444 1103 1492 670
1205 1490 1210 1495 .

89 1516 169 1582 Non
191 1516 334 1601 lapidem
357 1515 476 1580 dabitis
499 1515 663 1600 piscemve
685 1517 871 1600 petentibus
895 1537 1050 1602 anguem,

88 1604 176 1688 Vos,
198 1605 345 1690 inquam,
368 1603 477 1689 rigidi,
500 1603 617 1687 quibus
641 1604 708 1669 alte
731 1608 782 1669 est
804 1604 904 1670 insita
925 1604 1030 1670 cordis

88 1693 252 1777 Durities,
275 1692 393 1757 vestris
416 1691 536 1756 dabitis
560 1713 688 1775 semper
709 1693 796 1757 bona
817 1693 912 1757 natis:

87 1781 267 1867 Indulgens
289 1780 458 1847 hominum
481 1780 609 1866 genitor
632 1782 719 1845 bona
741 1780 835 1845 mitia
857 1780 954 1867 digne

91 1871 199 1947 Quam
221 1873 387 1955 praestare
410 1869 517 1954 magis
540 1868 661 1954 gaudet
683 1869 892 1952 poscentibus
916 1870 1103 1955 aequislcao

91 1958 183 2034 Quae
206 1958 325 2043 cupitis
348 1956 441 2023 vobis
463 1956 632 2022 hominurn
656 1956 827 2023 benefecta
848 1958 972 2042 venire,

90 2046 184 2113 Haec
207 2046 320 2111 eadem
343 2049 451 2111 vestro
475 2045 600 2111 cunetis
622 2049 789 2130 praestate
810 2044 931 2111 favore.

90 2134 183 2201 Haec
207 2135 290 2220 legis
314 2155 442 2198 summa
464 2137 527 2218 est,
550 2133 613 2198 hoe
635 2133 687 2198 ius
710 2133 818 2198 dixere
840 2133 1028 2218 prophetae.

138 2223 190 2288 Ite
212 2244 270 2306 per
294 2228 480 2307 angustam,
503 2221 594 2306 iusti,
618 2243 716 2307 super
739 2222 871 2289 aethera
893 2225 1031 2305 portam.

92 2311 200 2387 Quam
222 2311 293 2375 lata
315 2314 351 2375 et
372 2310 517 2395 spatiosa
538 2310 592 2374 via
615 2315 679 2390 eet,
702 2332 784 2394 quae
807 2310 912 2375 limite
933 2310 1027 2375 laevo
1053 2326 1105 2376 680

91 2399 312 2484 Praeruptum
335 2398 502 2464 convolvit
523 2398 587 2463 iter
608 2398 748 2485 caligine
771 2398 902 2483 mortis,

91 2487 350 2572 Innumeraeque
372 2487 465 2552 illam
486 2489 660 2589 penetrant
681 2509 741 2572 per
763 2508 866 2571 prona
889 2488 1048 2553 catervae!

69 2576 218 2648 ,Vitalis
240 2576 342 2642 vastis
367 2569 509 2660 stipatur
531 2575 648 2640 semita
672 2575 773 2660 saxis,

93 2663 255 2750 Oeleaque
277 2665 333 2729 vix
354 2685 475 2749 paucos
499 2663 587 2729 ducit
609 2685 668 2748 per
691 2685 826 2748 scrupea
847 2663 960 2730 virtus.

93 2753 142 2817 At
166 2754 195 2818 si
218 2774 299 2838 quos
321 2752 459 2817 nimium
481 2751 584 2817 fallax
606 2753 756 2837 inlexque
779 2752 942 2817 malorum
1054 2767 1105 2817 eae

93 2840 251 2906 Planities
275 2841 380 2905 suasit
402 2839 540 2905 deformi
562 2839 688 2905 lubrica
710 2840 819 2923 lapsu,

94 2928 225 3014 Arripit
247 2928 307 2994 hos
331 2951 514 3013 pronosque
537 2927 640 2993 trahit
663 2928 753 2993 velut
775 2928 917 3013 impetus
940 2928 1059 3013 amnis,

163 3055 228 3119 poet
251 3055 315 3105 δῦτε
346 3049 424 3105 Haec
446 3049 544 3104 eadem
565 3047 647 3103 vobis
670 3047 788 3103 Genitor
810 3046 934 3103 servabit
955 3046 987 3102 in
1009 3048 1108 3103 aethra

96 3118 880 3203 011·11711Ιι,οιιῳρῑ.ΜΜρΒεν11,0110107111,
898 3116 1108 3185 &cremba

94 3192 330 3318 terame
345 3206 405 3318 1111
421 3137 537 3317 1111111
544 3135 1009 3332 mllttdltelt‘e
1016 3160 1109 3330 1101

94 3263 1060 3472 1111111101,11101111711181111111619811111111111111111Ἢοω
1074 3330 1109 3384 01

97 3403 203 3468 (erdem
219 3419 288 3459 arca
298 3406 355 3472 eat),
336 3406 459 3472 )eupra
477 3401 571 3457 sidera
587 3404 634 3456 aad
652 3417 703 3470 pra
719 3404 820 3459 iares.
892 3417 976 3472 super
993 3401 1060 3454 aeth
1061 3417 1109 3455 era

94 3473 124 3529 R
138 3475 148 3544 l
162 3480 213 3530 681
232 3473 341 3543 Arripit
360 3473 449 3542 0¹,R*
468 3472 582 3541 Abripit
599 3472 697 3526 111011*
