2600 3934
173 138 193 203 8
603 137 714 192 arnna
730 135 752 192 1.

175 281 366 366 Consulere,
390 282 575 366 scriptoque
598 285 720 365 rogant
742 279 867 344 edicere
889 303 1017 345 nomen.

174 369 249 454 Sed,
272 370 356 456 proh
379 371 463 434 mira
486 369 580 452 fides,
603 369 726 433 tabulis
750 390 824 433 cum
847 369 988 434 scribere
1010 373 1167 454 temptat,

172 459 371 544 Implicitam
395 458 494 523 solvit
516 478 574 542 per
597 457 697 522 verba
720 458 870 523 sonantia
892 457 1048 542 linguam.

173 546 250 612 Mox
274 547 373 610 etiam
394 546 565 627 adsuetam
588 549 762 629 penetrant
784 546 947 630 spiracula
969 550 1121 632 mentem,
1135 563 1186 612 115

174 633 425 718 Completusque
449 635 537 700 canit
558 634 689 700 venturi
712 635 841 700 conscie
863 634 964 700 dicta:

173 722 433 808 „Concelebrent
456 724 564 789 cuncti
586 722 700 788 laudes
724 727 896 809 gratesque
918 723 1125 808 frequentent

173 814 346 877 Astrorum
371 817 404 877 et
426 815 547 895 terrae,
569 812 726 896 pontique
750 812 982 896 hominumque
1005 813 1146 896 parenti,

173 899 287 966 Visere
311 900 397 985 quod
419 901 527 966 voluit
548 900 779 985 propriamque
803 900 972 966 absolvere
995 901 1133 986 plebem.

173 989 225 1054 En
248 989 325 1054 beat
348 989 516 1073 antiquam
539 993 671 1073 gentem
694 1009 857 1073 cornuque
881 989 999 1053 salutis
1136 1005 1188 1054 110
1286 958 1287 983 i

172 1078 292 1143 Erecto
316 1077 464 1161 indulget
487 1076 623 1142 Davidis
647 1077 773 1163 origine
796 1078 916 1142 lumen.

173 1165 244 1232 Hoc
268 1169 332 1249 est,
357 1165 442 1250 quod
464 1167 563 1250 prisci
587 1166 730 1231 cecinere
753 1166 927 1247 exordine
949 1170 1056 1247 rates,

173 1254 263 1319 Haeo
287 1257 338 1319 est
360 1254 418 1318 illa
441 1255 543 1337 salus,
567 1276 631 1338 qua
653 1276 714 1318 nos
738 1276 778 1318 ex
799 1255 950 1319 hostibus
974 1255 1055 1320 atris

173 1341 297 1426 Eripit,
319 1347 358 1407 ut
380 1343 466 1407 iusta
489 1343 576 1408 iusto
600 1343 723 1408 servire
746 1365 911 1427 queamus,

173 1431 220 1495 At
242 1435 280 1496 tu
301 1454 401 1516 parve
424 1452 504 1515 puer
528 1436 661 1496 sanctus
685 1431 867 1517 dignusque
890 1432 1052 1516 propheta
1136 1447 1187 1497 115

172 1518 288 1584 Dicere
312 1523 345 1585 et
368 1519 544 1585 Dominum
568 1542 644 1584 mox
667 1519 894 1605 praegrediere
917 1520 1035 1584 viando

172 1608 267 1672 lllius
290 1612 324 1672 et
345 1609 501 1694 populum
525 1609 620 1673 duces
644 1630 702 1692 per
725 1609 835 1672 lumen
858 1612 1043 1692 1110110111

174 1696 329 1762 Errorem
353 1718 412 1782 per
434 1701 468 1761 te
492 1700 645 1780 spernent
668 1696 848 1782 mortisque
871 1697 1023 1762 tenebras

173 1785 381 1869 Abrumpent
404 1807 529 1869 omnes,
551 1789 610 1850 tua
634 1785 691 1869 qui
713 1789 888 1870 praecepta
910 1785 1112 1870 sequentur.“

180 1921 185 1930 ,
218 1873 346 1938 Exhinc
369 1874 501 1938 secretis
524 1873 560 1938 in
581 1874 724 1952 vallibus
748 1873 860 1939 abdita
883 1895 1010 1958 semper
1136 1890 1187 1938 130

173 1959 252 2025 Vita
275 1960 339 2026 fuit
360 1984 476 2046 puero,
499 1962 600 2027 donec
623 1962 834 2047 poscentibus
858 1963 953 2027 annis

172 2047 268 2113 Vatis
293 2049 334 2113 ad
357 2049 499 2114 officium
522 2051 619 2134 pleno
642 2051 834 2135 pubesceret
857 2073 947 2116 aevo.

221 2136 351 2202 Interea
372 2138 495 2203 Mariae
519 2161 639 2223 sponso
664 2139 821 2204 miracula
843 2145 986 2205 mentem

174 2223 375 2310 Sollicitam,
397 2226 571 2292 manifesta
592 2228 679 2292 uteri
702 2228 787 2312 quod
810 2228 955 2312 pondera
977 2228 1071 2308 vidit,

174 2314 221 2379 Et
244 2336 354 2379 secum
376 2315 493 2399 volvit,
517 2337 658 2399 quanam
681 2316 808 2381 ratione
830 2318 1032 2401 propinquae
1135 2334 1188 2382 135

172 2401 320 2468 Dedecus
344 2425 535 2488 oppressum
558 2405 641 2469 celet
663 2405 890 2489 thalamosque
912 2409 1048 2471 recuset.

173 2490 266 2555 Talia
288 2492 445 2556 tractanti
466 2496 659 2577 torpescunt
682 2494 828 2558 membra
852 2515 968 2579 sopore

173 2578 372 2665 Audiritque
395 2579 458 2646 Dei
480 2603 578 2665 super
600 2581 734 2646 horrida
757 2583 885 2648 somnia
906 2603 1034 2649 vocem:

171 2668 316 2752 „Accipe
340 2669 526 2755 coniugium
547 2671 636 2735 nullo
661 2692 734 2735 cum
758 2670 890 2735 crimine
913 2674 1042 2756 pactae,

173 2756 314 2841 Spiritus
337 2757 487 2842 implevit
510 2763 622 2825 sancto
646 2760 698 2824 cui
720 2759 847 2824 viscera
869 2758 948 2825 fetu.
1133 2776 1187 2825 140

173 2844 268 2912 Hanc
291 2846 409 2911 cecinit
431 2851 522 2912 vates
546 2852 716 2913 venturam
740 2870 779 2912 ex
802 2848 929 2934 virgine
951 2848 1090 2933 prolem,
1150 2844 1157 2857 '

173 2933 353 2999 Nobiscum
376 2933 465 2999 Dens
489 2940 538 3000 est
559 2957 679 3001 nomen
702 2935 781 3002 cui.“
820 2935 974 3002 Protinus
997 2937 1053 3001 ille

172 3020 264 3086 Haec
286 3027 461 3107 praecepta
485 3046 621 3109 sequens
645 3029 755 3091 servat
778 3026 943 3108 sponsalia
966 3028 1072 3109 pacta.

221 3107 284 3175 Sed
308 3114 379 3176 tum
401 3111 487 3176 forte
509 3135 595 3177 novo
619 3113 763 3197 capitum
787 3114 944 3179 discussio
968 3135 1066 3178 censu

175 3196 325 3264 Caesaris
348 3198 492 3285 Augusti
515 3201 612 3266 iussis
635 3201 858 3286 perplurima
880 3207 988 3267 terrae
1137 3218 1189 3267 145

247 3342 297 3391 123
318 3352 374 3404 qua
395 3336 436 3403 0¹,
455 3353 527 3406 quae
545 3340 555 3406 ll
574 3344 625 3392 125
643 3339 683 3393 Et
701 3341 739 3393 M
755 3342 764 3409 ΙΙ
785 3345 834 3394 141
855 3355 888 3394 ex
908 3339 1069 3410 0¹V¹M**,
1089 3357 1139 3395 om.
1163 3346 1191 3395 et

172 3421 194 3528 q.
213 3404 262 3460 lin.
281 3408 371 3530 appril.
391 3407 419 3460 R
446 3410 456 3476 l
485 3412 535 3463 144
553 3425 671 3463 11010-
683 3426 767 3465 censu
787 3409 822 3465 0¹
833 3409 908 3465 V¹1r
926 3427 959 3464 ea
978 3426 1058 3477 cora,
1075 3411 1188 3466 novi-

190 3490 271 3529 ansus
