2600 3934
465 835 625 912 LIBER
649 835 889 913 TERTIUS.

213 1113 358 1181 Fuderet
379 1114 415 1180 in
436 1118 542 1181 terras
565 1136 695 1181 roseum
717 1114 812 1179 iubar
833 1113 1016 1199 ignicomus
1040 1118 1102 1182 sol.

170 1202 332 1289 Discipuli
354 1204 516 1289 rogitant,
537 1203 607 1268 lolii
630 1203 707 1288 quid
730 1202 879 1287 quaestio
902 1203 1002 1269 vellet

169 1291 215 1356 Et
238 1292 375 1378 segetis,
396 1292 503 1357 clarus
527 1292 644 1376 quibus
667 1292 747 1356 haec
770 1291 933 1375 depromit
954 1291 1059 1358 Iesus:

170 1379 306 1465 Optima
329 1380 385 1466 qui
407 1380 506 1446 farris
528 1379 735 1445 commendat
756 1379 882 1444 semina
892 1380 1025 1480 glebis,

169 1467 273 1534 Filius
298 1472 349 1533 est
371 1468 527 1553 hominis,
550 1468 707 1534 mundum
730 1468 790 1533 sub
812 1489 943 1534 nomme
965 1468 1051 1536 ruris
1168 1485 1185 1535 5
1273 1499 1274 1506 ¹

170 1555 329 1641 Accipite,
353 1560 451 1642 atque
472 1557 620 1621 homines
643 1578 725 1640 puro
748 1578 809 1641 pro
832 1555 955 1621 semine
976 1557 1091 1632 iustos.

169 1643 217 1709 At
239 1646 355 1711 lolium
377 1645 490 1710 infelix
513 1645 660 1729 cooperti
683 1644 850 1710 daemonis
873 1649 944 1709 arte

171 1730 256 1798 Sunt
277 1733 441 1818 homines3
462 1733 613 1799 inimicus
636 1734 714 1818 erit,
735 1732 786 1798 vis
808 1732 955 1817 horride,
977 1733 1129 1820 daemon;

169 1819 347 1886 Extremus
369 1821 481 1887 mundi
503 1821 578 1886 finis
601 1844 661 1906 pro
684 1825 831 1905 tempore
854 1822 980 1888 messis.

169 1907 332 1974 Messores
355 1910 461 1994 patrii·
476 1910 608 1975 venient
629 1932 690 1995 per
711 1931 789 1975 rura
811 1907 966 1993 ministri,
1152 1928 1186 1979 10

171 1994 259 2072 Quos
282 1997 425 2063 hominis
447 2001 545 2063 natus
567 1998 693 2083 proprii
716 1998 755 2063 de
777 2019 912 2082 corpore
935 1999 1029 2084 regni

170 2083 333 2172 Colligere
356 2086 475 2152 erroris
497 2088 632 2171 laqueos
655 2087 827 2171 labemque
849 2085 976 2151 iubebit

170 2171 399 2260 Oolleotosque
422 2175 521 2240 simul
543 2175 666 2258 rapidis
688 2195 820 2240 exurere
842 2174 993 2240 flammis.

169 2259 333 2328 Dentibus
356 2263 409 2328 his
433 2263 553 2329 stridor
575 2284 704 2348 semper
725 2263 885 2348 fletusque
907 2264 1073 2348 perennis,

170 2346 376 2435 Secretisque
399 2352 464 2436 piis
486 2352 597 2416 veniet
618 2352 674 2416 lux
698 2372 795 2416 aurea
817 2352 918 2435 vitae,
1152 2369 1185 2418 15

171 2434 310 2503 Sedibus
333 2442 371 2502 ut
392 2439 474 2504 caeli
496 2439 669 2504 vibrantur
691 2439 816 2505 lumina
839 2439 926 2504 solis.

213 2526 303 2591 Haec
326 2526 437 2591 docuit
457 2526 663 2612 patriumque
686 2527 771 2591 redit
794 2531 942 2593 servator
963 2527 998 2593 in
1020 2529 1144 2595 urbem

169 2614 241 2680 Illic
264 2614 438 2699 expediens
460 2614 589 2698 populis
609 2651 650 2662 -—
671 2614 821 2680 mirabile
845 2615 933 2680 dictu
952 2653 996 2663 -

170 2703 319 2768 Iustitiae
342 2704 434 2790 leges
457 2704 606 2787 vitaeque
630 2703 775 2768 salubria
796 2703 898 2787 iussa,

170 2790 321 2857 Virtutes
343 2791 468 2876 patrias
492 2789 589 2855 simul
612 2791 805 2856 insinuando
829 2792 974 2858 docebat
1149 2808 1184 2858 20

172 2878 263 2945 Tunc
287 2879 390 2946 livore
413 2880 508 2965 gravi
529 2880 642 2964 plebes
666 2883 830 2945 commota
852 2901 984 2946 snorum

169 2966 420 3053 Praesentisque
443 2968 542 3033 simul
566 2968 643 3032 doni
665 2968 824 3033 miracula
845 2968 979 3034 volvens

169 3053 217 3119 Et
240 3056 369 3140 generis
391 3057 463 3121 noti
485 3059 641 3140 reputans
665 3079 704 3121 ex
727 3056 838 3122 ordine
861 3060 1006 3143 gentem,

169 3142 261 3208 Haeo
282 3142 369 3208 inter
392 3165 464 3209 sese
486 3145 647 3210 mussanti
669 3166 748 3211 voce
770 3144 935 3211 volutante

145 3271 152 3284 ’
242 3281 296 3335 Ins
333 3281 378 3336 't
396 3281 458 3335 vide
475 3287 565 3336 antea.
579 3284 590 3351 Ι
605 3288 639 3336 14
656 3282 795 3350 fletusque
815 3282 857 3348 01,
876 3283 1025 3352 luctusque
1044 3281 1135 3354 MRfl
1150 3288 1181 3338 17

171 3351 298 3405 servator
344 3350 362 3381 ¹·
370 3349 389 3417 ¹,
409 3350 534 3405 salvator
550 3352 617 3406 MR
630 3354 640 3421 l
654 3357 688 3405 22
707 3352 775 3407 doni
795 3351 878 3423 0¹3,
900 3353 948 3407 dni
964 3354 975 3423 Ι
993 3359 1029 3408 24
1046 3353 1183 3408 mussanti

172 3417 205 3472 0¹
211 3419 256 3487 V1,
275 3419 421 3475 musitanti
436 3421 441 3488 Ι
458 3423 603 3476 susurrant
621 3421 650 3475 R
659 3421 697 3473 V¹
