2600 3934
509 161 542 217 V.
562 167 713 218 643-709.

102 307 291 385 Quaeratur
307 310 454 373 veterum
477 307 673 391 scriptorum
697 306 795 373 lectio
818 307 926 392 robis,
1026 387 1029 392 .
1103 327 1105 340 ⁴

97 396 299 481 Perpetuam
318 396 443 462 mactis
465 397 570 461 sitam
594 415 691 480 quam
713 395 799 460 ferre
820 397 954 481 putatis.

99 485 188 551 Haec
211 486 312 550 etiam
334 489 485 550 nostrum
506 488 653 552 testatur·
672 484 771 549 lectio
794 484 923 551 donum

99 572 167 639 Nec
190 578 304 639 tamen
325 573 453 638 audetis
473 574 608 658 propius
630 574 819 639 consistere
831 563 941 658 nobis,

96 660 146 727 Ne
169 684 267 728 verae
277 663 384 727 vobis
405 662 582 749 emungat
594 662 710 747 gratia
732 662 829 726 vitae
978 699 981 706 ι
1034 679 1113 731 ese

95 749 172 816 Non
194 750 275 815 mihi
298 754 464 834 captatur
473 754 624 832 terrenae
645 749 751 834 gloria
774 748 920 813 laudis.
1100 771 1102 780 ι

95 839 246 924 Namque
270 859 334 923 ego
355 838 446 923 qnod
460 838 585 922 summi
608 838 770 924 genitoris
789 839 920 902 nomine
943 840 1030 925 veni,

96 927 184 1013 Resp
186 929 280 993 uitm
297 927 406 1011 vobis,
429 927 539 1012 veniet
563 927 619 1008 sed
643 927 790 992 decolor
797 926 891 1011 alter,
969 989 972 994 ,
1007 937 1017 973 -’
1100 965 1105 974 «

94 1014 251 1081 Nomine
246 1035 356 1123 quem
380 1015 501 1080 fultum
522 1015 658 1100 proprio
675 1033 761 1101 gens
785 1018 895 1080 vestra
915 1022 1102 1102 sequetur.

93 1103 153 1168 Alt
139 1107 266 1169 ternae
274 1105 310 1169 in
330 1105 424 1170 vobis
427 1106 600 1189 captatur
621 1104 729 1189 gioria
751 1103 872 1186 famae,
985 1143 989 1150 =
1059 1123 1112 1173 685

94 1191 200 1259 Unius
224 1196 258 1256 et
281 1194 402 1258 solam
398 1180 524 1278 fugitis
549 1192 728 1276 disquirere
752 1155 895 1257 lauderis.
944 1233 959 1240 .‚
993 1267 997 1274 ,
1094 1273 1096 1282 s

92 1279 162 1346 Nec
184 1303 244 1347 vos
268 1282 468 1366 arguerim
451 1301 563 1347 coram
587 1281 749 1367 genitore,
771 1281 827 1362 sed
851 1280 919 1346 illic
1109 1355 1111 1358 ¹

93 1371 276 1438 Accusator
297 1370 375 1454 erit,
399 1389 494 1455 quem
518 1390 606 1455 spes
615 1369 713 1434 modo
737 1389 792 1433 ves
793 1372 845 1433 tra
793 1357 1024 1454 tcelebrat,

91 1457 238 1543 Moyses,
241 1479 360 1560 ,quem
381 1459 456 1524 fidei
477 1460 568 1537 nullo
592 1458 750 1523 servastis
774 1458 905 1522 honore
1027 1516 1029 1520 ,
1062 1501 1065 1504 -

91 1545 174 1612 Eius
198 1546 283 1612 enim
307 1546 439 1630 scriptis
461 1551 570 1611 vester
592 1547 621 1611 si
645 1545 791 1612 crederet
815 1568 915 1630 error,
1057 1565 1109 1615 699

92 1615 247 1700 Crederet
271 1637 304 1700 et
326 1635 435 1721 nobis,
457 1634 565 1721 Moysi
589 1656 686 1719 quem
710 1635 833 1717 scripta
854 1634 1073 1719 frequentant
1074 1636 1093 1670 ‘¹

137 1722 232 1789 Talia
254 1729 325 1789 tum
349 1727 464 1789 contra
487 1723 668 1789 scribarum
691 1724 792 1788 verba
816 1726 1011 1808 sequuntur·

90 1811 255 1896 „Vocibus
279 1812 464 1878 indubitata
487 1813 568 1896 fides
591 1811 804 1892 comitabitur
824 1812 910 1897 istis,

92 1899 128 1965 Si
151 1901 218 1965 virt
219 1923 257 1966 ns
281 1901 378 1966 certis
402 1902 511 1965 firmet
532 1887 691 1966 miracula
715 1899 846 2003 signisf‘

90 1987 154 2054 Ille
178 1989 331 2055 dehinc:
330 1989 489 2074 „Polluta
511 1989 608 2055 malis
631 1989 801 2077 generatio
825 1989 954 2073 quaerit
1058 2007 1109 2058 695

91 2076 195 2163 Signa
218 2079 415 2163 sibi31ebus
439 2079 574 2143 stabunt
598 2078 704 2143 sed'
678 2099 774 2164 s1gna
796 2077 925 2156 futuris.

89 2163 242 2252 Namque
264 2168 426 2253 propheta
449 2188 529 2234 earo
553 2157 712 2251 qnantum
736 2166 796 2231 sub
820 2169 961 2251 pectore
974 2168 1037 2231 ceti

90 2253 265 2340 Temporis
289 2256 485 2342 absumpsit,
508 2256 647 2320 terrae'
636 2277 672 2319 111
695 2255 919 2340 penetralibus
942 2256 1019 2320 altis
1101 2296 1107 2300 ⁶

88 2341 268 2429 Progenies
291 2345 472 2409 hominist
458 2348 586 2409 tantum
600 2344 759 2412 ,demersa
782 2344 937 2409 manebit

88 2431 254 2498 Adveniet
276 2437 419 2518 tempus,
442 2453 515 2498 eum
539 2436 652 2536 surget
674 2431 802 2497 reddita
823 2431 912 2497 vitae
1056 2449 1108 2500 ⁷00

89 2518 179 2585 Gens
202 2521 373 2587 hominum
395 2522 540 2607 propriis
560 2523 595 2586 in
617 2522 696 2587 fletu
675 2543 731 2586 um
755 2521 866 2586 dedita
888 2520 1000 2606 gestis.
1099 2593 1103 2600 ,

85 2606 180 2674 Haec
203 2609 304 2675 istam
325 2610 426 2696 digno
450 2611 620 2676 damnabit
605 2610 779 2675 terimine
802 2613 946 2696 gentem,

87 2696 185 2773 Quod
208 2699 308 2764 maris
332 2721 349 2764 e
371 2698 473 2764 fundo
498 2699 663 2785 surgentis
685 2721 765 2765 voce
788 2698 929 2785 prophet
931 2720 969 2763 ae

86 2783 330 2853 Commonita'
320 2809 355 2852 ιιι
378 2788 531 2855 lacrimas
554 2787 733 2853 Dominum
755 2787 904 2872 proiecta
926 2786 1061 2852 reflexit

84 2873 152 2941 Hic
176 2879 209 2940 et
230 2875 360 2943 Ionaeis
382 2877 518 2943 monitis
541 2878 673 2962 potiora
695 2877 859 2978 iubentur,
1053 2891 1105 2942 rou

84 2960 280 3031 Contemnit
265 2969 344 3050 tque
366 2965 445 3032 feris
470 2965 586 3032 animis
610 2987 690 3052 gens
714 2964 816 3049 impia
838 2965 952 3029 lucem

82 3051 134 3117 Et
157 3054 271 3140 regina
294 3055 366 3121 noti
338 3055 505 3121 tritales
529 3054 674 3140 surget
664 3077 699 3119 ιιι
722 3076 807 3119 oras.

82 3138 183 3207 Illius
207 3142 248 3207 ad
271 3144 435 3227 specimen
459 3144 668 3209 damnabitur
692 3143 790 3208 effera
813 3141 938 3227 plebes,

81 3227 225 3296 Finibus
249 3232 403 3297 extremis
426 3231 551 3318 Libyae
575 3231 661 3316 quod
683 3232 811 3297 venerit
833 3230 905 3316 illa,
1010 3272 1013 3278 -

159 3368 240 3425 685⁸
231 3385 261 3423 ιιι
279 3386 330 3425 om.
349 3369 378 3425 R
390 3371 401 3440 fl
419 3376 470 3426 689
490 3370 623 3426 servastis
644 3370 679 3425 0¹
690 3371 771 3437 Mat,
794 3369 912 3426 servatis
926 3371 936 3441 fl
950 3374 1000 3423 691
1020 3368 1103 3422 Mois'

82 3437 128 3508 0¹,
149 3439 260 3510 Moysei
279 3442 318 3495 Μ
328 3443 339 3512 ΙΙ
353 3446 405 3497 695
424 3442 506 3497 malis
526 3441 562 3497 0¹
571 3441 604 3512 V,
623 3441 737 3511 magist!
759 3446 811 3497 708
830 3440 972 3511 specimen
991 3439 1026 3494 0¹
1037 3440 1092 3495 Ma

78 3482 142 3567 Ber
154 3511 204 3583 Sp,
223 3513 345 3583 speeiem

905 3599 944 3653 μ
