2600 3934
183 149 247 217 102
603 147 778 204 uranum.

66 376 71 383 .
183 294 316 361 Liberet
338 297 371 360 et
395 294 514 360 misero
537 293 699 360 confixum
722 293 835 377 stipite
856 293 996 395 regem.“

183 383 266 450 Tum
290 384 412 450 clamor
435 381 570 449 Domini
591 404 714 469 magno
737 403 906 448 conamine
928 383 1047 449 missus
1144 400 1198 450 τοο

182 472 347 538 Aetheriis
369 471 513 537 animam
535 471 688 538 comitem
712 470 917 536 commiscuit
940 473 1037 538 auris.

182 558 378 626 Scindentur
400 559 524 646 pariter
548 560 652 625 sancti
675 560 838 625 velamina
860 559 979 645 templi

181 646 390 734 Carbasaque
411 649 447 713 in
469 649 615 734 geminas
637 651 749 734 partes
773 648 922 732 disrupta
944 648 1114 715 dehiscunt

180 737 227 803 Et
248 737 461 803 tremebunda
483 737 572 802 omni
595 758 754 803 concussa
775 740 827 802 est
848 737 991 821 pondere
1014 738 1128 821 tellus,
1285 799 1286 804 ,

181 825 421 911 Dissiliuntque
440 848 504 891 suo
527 829 643 911 ruptae
667 826 706 891 de
730 846 865 911 corpore
888 829 1008 892 cautes.
1144 843 1197 893 ‘105
1285 823 1286 890 Ϊ

180 914 264 980 Tum
287 917 433 980 veterum
456 918 667 981 monumenta
688 914 796 979 virum
819 917 953 998 patuere
975 914 1116 1001 repulsis

183 1001 338 1069 Obicibus
360 1003 531 1089 iustaeqne
554 1002 682 1068 animae
704 1024 762 1087 per
785 1003 931 1068 membra
953 1023 1102 1069 reversae

182 1091 229 1156 Et
251 1091 315 1156 risi
336 1091 459 1175 passim
480 1091 595 1176 populi
617 1112 676 1176 per
698 1092 826 1156 moenia
849 1090 915 1156 late
973 1114 976 1120 ¹

181 1180 343 1245 Erravere
366 1180 469 1265 urbis3
494 1179 540 1245 ric
562 1182 689 1245 terrent
711 1180 822 1246 omnia
844 1179 1009 1246 mundum.

182 1267 345 1334 Militibus
367 1268 483 1354 primis
507 1267 700 1353 quatiuntur
721 1267 819 1334 corda
841 1290 973 1353 pavore,
1145 1286 1198 1335 ‘110

182 1356 302 1423 Dedita
325 1358 381 1442 qui
403 1378 519 1423 saevae
543 1357 719 1422 servabant
742 1378 879 1442 corpora
900 1378 1037 1442 poenae,

180 1445 227 1511 Et
250 1445 399 1511 subolem
422 1445 529 1510 dixere
553 1445 614 1511 Dei
637 1444 869 1530 Christumque
892 1446 1044 1511 fatentur.

224 1534 253 1604 Ε
278 1533 418 1620 speculis
442 1537 564 1599 matres
587 1533 745 1600 fflacnla
766 1537 864 1598 tauta
881 1537 1014 1600 tuentur

181 1621 315 1707 Omnes,
338 1623 529 1708 obsequium
554 1620 687 1687 Christo
711 1643 793 1706 quae
815 1622 900 1686 ferre
924 1622 1083 1688 solebant.

178 1707 252 1776 Iam
275 1710 442 1777 decedenti
466 1733 582 1796 vesper
605 1710 775 1776 succedere
799 1710 861 1775 soli
1145 1728 1197 1778 71⁶

155 1807 160 1814 ¹
183 1796 356 1884 Coeperat,
379 1802 413 1864 et
434 1821 606 1884 procerum
628 1804 701 1865 tum
723 1799 841 1864 iustior
864 1799 962 1863 audet

181 1885 309 1973 Corpus
333 1888 374 1953 ad
397 1892 577 1953 extremum
602 1908 719 1952 munus
743 1888 916 1972 deposcere
939 1887 1071 1954 Christi.

182 1975 245 2042 Hic
269 1977 310 2042 ab
334 1975 520 2042 Arimathia
541 1998 663 2042 nomen
685 1977 837 2062 gestabat
859 1975 992 2061 Ioseph,
1027 2057 1030 2062 Ι

183 2063 246 2141 Qui
270 2065 434 2150 quondam
456 2066 566 2130 verbis
590 2086 685 2130 aures
707 2065 887 2149 praebebat
900 2064 984 2130 Iesu.

180 2152 326 2219 Pilatum
348 2158 427 2219 tunc
450 2154 513 2219 iste
535 2158 646 2240 rogat,
670 2153 733 2218 sibi
756 2153 866 2219 cedere
889 2154 1048 2238 membra,
1146 2171 1199 2221 usu

182 2240 262 2318 Quis
285 2263 390 2328 nuper
411 2242 535 2308 tulerat
555 2243 661 2308 vitam
683 2242 733 2308 vis
755 2241 890 2307 horrida
912 2263 1043 2325 poenae.

181 2327 350 2395 Ooncesrit
370 2351 503 2415 praeses
526 2334 560 2397 et
582 2352 699 2415 eorpus
722 2329 851 2416 fulgida
873 2330 941 2395 lino

183 2416 287 2482 Texta
309 2422 427 2504 tegunt
450 2419 585 2503 saxique
607 2441 693 2485 novo
716 2418 922 2505 componitur
945 2424 1047 2485 antro.

182 2505 299 2570 Limen
322 2506 518 2571 concludunt
540 2508 699 2572 immensa
721 2507 888 2573 volumina
910 2512 1034 2592 petrae3

180 2593 209 2660 Ε
234 2594 374 2679 speculis
399 2598 530 2660 servant
553 2597 677 2659 matres
701 2599 734 2661 et
757 2600 874 2661 cuncta
896 2598 1038 2662 tuentur.
1144 2612 1197 2664 ‘125

223 2681 358 2768 Iamque
382 2684 451 2748 dies
473 2682 574 2749 rutilo
597 2684 784 2768 complebat
807 2683 929 2749 lumine
951 2689 1070 2770 terras,

182 2771 258 2837 Otia
281 2771 337 2858 qui
360 2793 488 2857 semper
510 2773 618 2856 prisca
640 2772 681 2837 de
703 2772 776 2860 lege
799 2773 948 2857 iubebat,

181 2858 282 2925 Nulla
305 2861 361 2926 red
382 2861 508 2926 inmitis
530 2883 702 2946 procerum
724 2860 817 2927 furor
839 2862 909 2927 otia
932 2865 1047 2928 servat.

182 2944 388 3015 Conveniunt
411 2955 610 3034 onerantque
634 2950 731 3015 simul
755 2951 801 3016 sic
823 2950 938 3016 iudicis
962 2973 1069 3016 aures:

182 3036 337 3120 „Erroris
360 3039 494 3123 laqueos
516 3037 699 3104 iustissima
720 3060 826 3123 poena
848 3039 994 3106 resolvit.
1143 3057 1198 3106 ‘130

181 3123 278 3191 Nunc
301 3127 487 3193 meminisse
511 3127 616 3212 decet,
639 3127 794 3212 quoniam
816 3128 934 3214 planus
957 3129 1013 3194 ille
1036 3129 1166 3195 solebat

181 3211 322 3301 Vulgari
345 3237 471 3299 semper
494 3215 620 3282 iactans
642 3216 834 3302 promittere
857 3217 959 3301 plebi,

251 3357 305 3434 §99
320 3351 453 3407 miserum
465 3354 503 3406 M
513 3356 525 3424 Ι
537 3359 588 3410 708
606 3354 661 3409 visi
679 3355 783 3424 passim
794 3354 839 3422 0¹,
851 3354 914 3410 visu
927 3354 1033 3425 passim
1045 3355 1088 3426 0³,
1102 3356 1196 3412 visum

181 3421 399 3547 taeQfflo‘l
417 3439 443 3479 v.
461 3438 561 3492 passae
577 3427 582 3494 Ι
602 3426 662 3480 late
683 3425 725 3494 0¹,
748 3427 809 3481 lata
826 3425 863 3496 R,
881 3427 957 3482 latae
975 3427 985 3496 l
1004 3432 1054 3482 731
1075 3426 1198 3484 solebat:
