2600 3934
527 158 562 216 v.
584 165 732 215 rav-ror.
1089 162 1132 227 61

11 359 12 362 ,
116 304 208 370 Tune
230 303 315 388 petit
337 303 465 370 absolvi
487 303 618 388 Petrus,
640 304 718 389 quid
741 304 889 389 quaestio
912 306 1026 389 vellet,

116 391 193 476 Ipse
215 392 402 459 Pharisaeis
426 395 525 477 quam
546 414 624 458 mox
644 392 826 477 scribisque
849 393 1000 460 dedisset.
1083 411 1133 461 100

115 479 203 545 Turn
227 484 317 547 sator
340 488 493 545 aeternae
513 482 683 565 respondit
705 480 786 546 talia
807 482 907 546 vitae:

115 567 205 651 „Vos
230 570 330 635 etiam
353 569 433 634 duro
449 569 636 642 'discluditis
661 569 771 634 omnia
793 570 889 635 eorde

115 658 214 723 Iussa
234 679 294 723 nee
317 657 465 724 admittit
487 657 606 723 mentis
630 657 791 722 dubitatio
816 658 928 723 luoem.

116 745 206 812 Nam
230 767 451 830 quaeoumque
473 746 641 812 hominum
663 746 798 811 veniunt
821 746 1020 811 extrinsecus
1044 746 1107 829 ori,

116 834 158 899 ln
180 838 330 900 ventrem
352 834 470 902 aedunt
493 835 665 919 animoque
687 834 857 919 incognita
879 838 1022 899 currunt.
1083 851 1134 902 165

118 921 209 999 Quae
232 944 310 988 vero
332 922 463 990 interne
487 926 643 1007 oonoepta
666 944 684 987 e
706 927 838 1005 peotore
862 927 1016 1006 promunt

116 1009 186 1086 Ora
208 1010 392 1095 hominum,
414 1015 557 1078 mentem
580 1016 720 1095 possunt
743 1011 914 1097 aspergine
937 1011 1023 1076 labis

116 1099 271 1164 Polluere
293 1099 513 1184 inmundoque
535 1098 702 1164 hominem
724 1099 888 1164 maculare
910 1099 1026 1183 piselo.
1156 1173 1163 1180 ,

118 1185 252 1253 Secreto
273 1188 379 1254 sordis
402 1192 595 1272 promuntur
617 1187 716 1254 noxia
738 1187 825 1253 vitae

118 1273 268 1341 Consilia
290 1280 324 1341 et
346 1276 458 1341 oaedes
482 1280 516 1341 et
537 1275 626 1342 furto
646 1276 788 1342 nefanda
810 1279 958 1354 tororum
1082 1292 1134 1341 170

117 1364 164 1430 Et
185 1363 318 1430 fraudes
340 1364 506 1450 fallaxque
527 1364 697 1430 hominum
720 1387 780 1449 pro
803 1364 944 1430 testibus
968 1384 1059 1428 error

117 1453 165 1520 nt
187 1453 321 1530 rabidae
345 1454 469 1519 eaelum
492 1453 627 1537 pulsans
650 1454 803 1520 vaesania
824 1452 927 1524 vooia.

117 1540 210 1607 Haeo
238 1546 328 1626 sunt,
360 1563 443 1625 quae
471 1541 637 1607 maculant
665 1542 844 1626 hominem,
876 1564 959 1626 quae
983 1541 1133 1608 sordibus

866 1631 1013 1713 implent.

118 1716 239 1783 Inlotis
263 1722 371 1784 autem
395 1717 544 1783 manibus
567 1739 633 1783 non
657 1717 776 1802 polluit
797 1740 953 1802 umquam

119 1805 277 1892 Corporis
301 1806 437 1872 arbitrio
459 1811 626 1872 terrenum
649 1828 778 1872 sumere
800 1806 949 1872 vietum.“
1085 1822 1136 1871 115

165 1895 336 1963 Haeo-ubi
359 1894 446 1961 dieta
468 1894 570 1979 dedit,
591 1894 812 1979 pulcherrima
834 1918 912 1960 rura
936 1893 1093 1979 Syrorum

121 1982 341 2069 Sidonemque
364 1983 550 2068 Tyriumque
572 1984 670 2067 petit:
695 2006 769 2049 eum
790 1983 912 2049 femina
933 1982 1016 2047 fusis

120 2070 275 2140 Crinibus
299 2077 333 2138 et
354 2071 504 2158 precibus
527 2076 640 2137 natam
663 2076 797 2138 causata
819 2072 979 2137 iacentem

119 2159 276 2226 Volvitur
299 2165 332 2226 et
354 2161 493 2226 tacitum
514 2181 581 2225 non
604 2160 724 2225 desinit
747 2160 844 2225 anxia
867 2158 1034 2225 Christum

122 2247 239 2334 Orare,
262 2252 300 2314 ut
321 2251 464 2315 mentem
486 2253 637 2314 vexatam
660 2248 816 2314 daemone
840 2270 936 2313 saevo
1085 2263 1137 2313 180

120 2337 284 2403 Redderet
306 2340 340 2403 et
363 2336 501 2403 miserae
523 2338 656 2403 tandem
679 2337 815 2421 resipire
838 2337 959 2414 1100111.

121 2425 212 2491 Τ110
235 2427 336 2492 etiarn
356 2426 507 2510 precibus
530 2430 714 2491 sectantum
737 2425 970 2510 discipulorum

121 2513 318 2598 Respondit,
340 2515 491 2600 proprias
515 2514 674 2599 genitoris
698 2515 797 2580 malle
820 2514 967 2580 bidentes

122 2601 261 2689 Cogere,
285 2624 366 2687 quas
390 2625 494 2668 vanus
517 2603 585 2668 late
608 2603 808 2688 disperserat
830 2625 929 2668 error.

122 2690 277 2772 Crebrius
299 2692 436 2757 instanti
458 2694 530 2757 tum
552 2691 635 2757 talia
656 2692 746 2757 fatur
763 2691 870 2757 Iesus:
1085 2704 1137 2755 185

121 2779 243 2864 „Natis
267 2781 402 2865 quisque
425 2779 492 2845 suis
515 2802 634 2865 panem
656 2802 723 2845 non
746 2779 898 2845 detrahet
920 2799 1075 2861 umquam

122 2868 168 2933 Et
191 2869 326 2935 canibus
348 2868 472 2934 iaciet.“
508 2868 592 2936 Tum
615 2869 697 2934 talia
719 2868 840 2934 femina
863 2867 965 2949 fatur:

121 2956 305 3041 „Miearum
328 2958 445 3023 saltem
468 2957 603 3022 oanibus
626 2978 686 3022 sua
707 2957 817 3041 portio
841 2977 972 3021 mensae

121 3044 252 3111 Decidit
276 3049 310 3111 et
330 3045 433 3111 nihilo
457 3045 664 3112 dominorum
686 3067 766 3111 aena
789 3042 973 3131 gravatur.“

124 3132 209 3199 Tum
222 3135 382 3201 Dominus
401 3134 559 3218 loquitur:
583 3132 744 3218 „Veniant
761 3133 825 3199 tibi
843 3133 942 3218 digna
961 3132 1076 3198 salutis
1088 3148 1138 3199 180

122 3220 287 3308 Praemia,
309 3246 392 3308 quae
414 3223 490 3288 fidei
513 3226 701 3288 meruerunt
722 3224 843 3288 robora
864 3221 1006 3289 tantae.“

125 3414 126 3417 Ἴ
197 3438 249 3487 112
268 3432 386 3503 rapidae
405 3432 567 3489 MRC⁸V¹
583 3435 588 3500 Ι
604 3430 738 3487 vaesania
758 3431 821 3486 0Η
840 3432 894 3497 (bie
911 3432 991 3500 ves),
1009 3429 1119 3485 insania
1132 3431 1142 3502 t

126 3508 177 3559 181
196 3503 315 3573 resipire
325 3504 395 3574 0¹·³‚
413 3505 537 3575 resipere
554 3505 632 3571 Mat,
651 3502 784 3572 resipisse
797 3503 808 3572 1
823 3508 874 3557 110
891 3500 1014 3556 Venient
1029 3502 1067 3556 M
1074 3501 1139 3555 Mat
