2600 3934
518 168 550 223 V.
571 174 720 224 ara—306.
805 222 810 229 ,

102 314 252 398 Urgetur
275 313 408 378 monitis
431 311 570 377 Mariam
593 334 793 396 puerumque
813 313 936 398 Ioseph

103 402 261 488 Aegypto
285 401 327 466 ad
350 401 491 485 patriani
514 405 657 484 vectare,
679 402 736 466 ubi
758 401 888 466 Nazara
910 402 988 468 felix

104 491 195 556 Olim
219 489 422 576 praedictum
444 512 545 574 puero
570 490 657 554 dedit
681 489 796 554 addere
819 513 945 555 nomen.

105 579 200 644 Dixit
224 584 258 645 et
281 579 414 643 alterius
438 578 600 663 quondam
624 579 818 663 praenuntia
839 580 925 644 vatis
1023 629 1027 634 .
1070 596 1121 646 275

101 666 180 732 Vox
204 667 360 731 instincta
383 666 468 732 Deo:
491 666 622 751 Veniet,
646 667 754 731 veniet
776 689 848 731 mea
871 668 980 751 proles

107 756 264 841 Aegypto
288 778 327 819 ex
350 756 419 820 alta
441 757 538 820 terris
561 757 734 839 lumenque
758 755 917 839 salusque.

151 843 329 910 Crescebat
351 843 473 928 rapidis
497 865 657 909 annorum
681 844 847 930 gressibus
869 844 990 924 infans,

104 932 324 998 Praecurrens
348 954 463 997 aevum
486 933 648 1017 sapientia
670 932 901 1016 praeveniebat

108 1020 288 1106 (dratiaque
311 1021 345 1084 iu
368 1021 462 1085 vultu
487 1025 519 1084 et
541 1021 650 1107 uerbis
673 1020 857 1086 veneranda
880 1021 1029 1087 micabat.
1070 1038 1123 1088 280

153 1110 289 1174 Etiam
312 1109 458 1174 bissenos
483 1109 554 1174 aevi
577 1109 824 1193 comprenderat
847 1131 963 1192 annos,

109 1196 194 1263 Cum
216 1197 357 1282 paschae
379 1198 480 1262 ritum
503 1198 660 1264 servando
685 1220 724 1262 ex
747 1220 837 1263 more
859 1202 1011 1283 parentes

107 1286 162 1350 Ad
185 1286 342 1370 templum
369 1286 464 1351 laetis
487 1308 624 1371 puerum
646 1287 821 1371 perducere
843 1285 936 1351 festis

106 1373 267 1440 Omnibus
292 1397 450 1440 annorum
473 1375 599 1440 vicibus
623 1376 775 1440 demere
799 1376 958 1440 solebant.

106 1463 200 1549 Ergo
225 1464 361 1528 aderant
383 1463 522 1547 paschae
545 1464 670 1548 pariter
693 1464 880 1547 cunctisque
904 1463 1017 1529 diebus
1070 1481 1121 1530 285

107 1552 282 1617 Festorum
305 1551 449 1636 impletis
473 1552 616 1637 patriam
638 1574 783 1617 remeare
806 1553 979 1636 parabant,

108 1639 192 1706 Cum
214 1662 295 1723 puer
317 1641 352 1704 in
373 1641 495 1725 populo
519 1642 646 1706 comitis
669 1642 809 1727 vestigia
832 1642 946 1706 matris

107 1728 263 1794 Deseruit
287 1731 465 1814 templique
489 1731 595 1795 libens
619 1734 743 1795 secreta
765 1730 891 1815 petivit.

108 1817 208 1883 Illum
231 1839 290 1902 per
313 1818 401 1883 vicos
425 1818 516 1883 urbis
540 1841 661 1902 perque
685 1818 798 1883 abdita
820 1822 909 1884 tecta

108 1906 235 1991 Perque
257 1907 348 1971 iteris
372 1910 494 1972 stratas
517 1929 575 1992 per
597 1912 695 1973 notos
710 1900 835 1991 ‘perque
853 1908 1054 1992 propinquos
1070 1924 1121 1973 ‘290

109 1994 294 2072 Quaerebat
317 1995 476 2081 genetrix3
501 1996 558 2061 sed
580 1996 637 2060 lux
661 1996 718 2060 ubi
740 1996 840 2059 tertia
863 1996 953 2059 venit

106 2083 161 2148 Ad
184 2085 341 2167 templum
365 2105 500 2168 propere
523 2089 660 2167 remeat,
683 2087 858 2168 vatumque
882 2083 1008 2148 choreis

107 2171 238 2237 Invenit
260 2172 419 2236 insertum
441 2175 615 2257 legumque
639 2173 777 2247 obscura
801 2172 896 2237 senili

108 2259 318 2326 Tractautem
342 2265 445 2326 coetu.
490 2261 553 2326 Vix
571 2261 751 2332 ,admiratio
776 2260 875 2347 digna

107 2347 159 2413 De
181 2350 274 2433 pueri
298 2351 404 2415 verbis
428 2351 558 2415 senibus
581 2350 659 2435 fuit3
682 2354 716 2414 at
739 2350 795 2434 pia
817 2352 935 2414 mater:
1069 2366 1122 2416 295

108 2437 232 2523 „Nata
256 2438 315 2522 ait,
338 2439 494 2502 amissum
516 2439 662 2503 lacrimis
684 2443 717 2503 te
741 2460 859 2523 quaero
883 2438 1026 2523 profusis

108 2527 218 2590 Anxia
241 2548 313 2592 cum
337 2527 484 2611 genitore
508 2547 650 2610 gemens.
698 2526 787 2603 Quae
810 2549 908 2592 causa
931 2532 1104 2611 parentum

109 2612 257 2679 Secernit
280 2636 395 2700 gressu
418 2616 595 2701 templique
617 2616 654 2680 in
677 2615 751 2680 sede
773 2614 963 2680 retentat‘l“

107 2702 170 2767 llle
193 2706 315 2768 autom:
337 2703 446 2788 „Quid
469 2726 520 2768 me
542 2707 686 2787 tantum,
710 2704 787 2787 quid
806 2705 984 2789 quaeritis?
1007 2705 1121 2789 iuquit.

108 2789 163 2855 An
185 2792 330 2857 nondum
354 2793 467 2876 sentis,
491 2793 653 2878 genetrix,
677 2793 763 2879 quod
786 2794 855 2857 iure
878 2794 1024 2876 paternis
1070 2810 1122 2859 300

110 2878 246 2945 Sedibus
271 2885 303 2944 et
327 2881 477 2946 domibus
499 2885 613 2947 natum
636 2883 822 2946 inhabitare
844 2904 975 2946 necesse
1000 2881 1096 2947 est?“

153 2966 245 3034 Haec
268 2971 315 3033 ait
338 2974 371 3033 et
394 2990 541 3054 gressrm
566 2971 669 3035 sociat
691 2970 896 3055 patriamque
919 2971 1047 3055 revisit3

108 3055 178 3120 Nec
202 3058 351 3142 genetrix
374 3059 459 3123 tanti
481 3060 643 3143 persensit
666 3058 809 3142 pondera
831 3059 935 3142 verbi,

108 3144 230 3210 Ordine
254 3149 370 3211 cuncta
392 3151 503 3212 tamen
526 3147 632 3213 cordis
657 3150 782 3212 secreta
804 3151 980 3212 reservant.

108 3234 155 3296 At
178 3256 259 3318 puer
283 3235 448 3319 obsequiis
472 3241 548 3320 apte
570 3236 797 3319 praedulcibus
821 3236 934 3301 ambos
1070 3255 1121 3303 305

108 3320 161 3385 Ad
184 3324 353 3408 proprium
378 3347 504 3410 semper
528 3346 647 3410 cogens
670 3327 822 3391 nectebat
845 3348 997 3390 amorem.

182 3444 431 3514 impraedictum
450 3445 496 3515 01,
515 3447 660 3515 praedicto
679 3447 749 3502 ΒΜ
767 3449 823 3517 (red
842 3448 879 3500 M
895 3449 927 3500 iu
945 3462 1031 3517 marp.
1051 3465 1069 3503 α
1086 3465 1121 3502 m.

107 3514 150 3568 11
165 3516 334 3585 predictum)
348 3517 357 3585 ΙΙ
371 3522 421 3572 281
442 3516 678 3590 conprehinderat
697 3518 731 3572 0¹
