<?xml version="1.0" encoding="UTF-8"?>
<!DOCTYPE html PUBLIC "-//W3C//DTD XHTML 1.0 Transitional//EN"
    "http://www.w3.org/TR/xhtml1/DTD/xhtml1-transitional.dtd">
<html xmlns="http://www.w3.org/1999/xhtml" xml:lang="en" lang="en">
 <head>
  <title>
</title>
<meta http-equiv="Content-Type" content="text/html;charset=utf-8" />
  <meta name='ocr-system' content='tesseract 3.04.00' />
  <meta name='ocr-capabilities' content='ocr_page ocr_carea ocr_par ocr_line ocrx_word'/>
</head>
<body>
  <div class='ocr_page' id='page_1' title='image "./cvettiaquilinii01marogoog_0028.png"; bbox 0 0 2600 3934; ppageno 0'>
   <div class='ocr_carea' id='block_1_1' title="bbox 546 877 855 954">
    <p class='ocr_par' dir='ltr' id='par_1_1' title="bbox 546 877 855 954">
     <span class='ocr_line' id='line_1_1' title="bbox 546 877 855 954; baseline 0 -1"><span class='ocrx_word' id='word_1_1' title='bbox 546 877 855 954; x_wconf 83' lang='lat' dir='ltr'><strong>PRAEFATIO.</strong></span> 
     </span>
    </p>
   </div>
   <div class='ocr_carea' id='block_1_2' title="bbox 190 1157 1205 2374">
    <p class='ocr_par' dir='ltr' id='par_1_2' title="bbox 190 1157 1205 2374">
     <span class='ocr_line' id='line_1_2' title="bbox 257 1157 1019 1243; baseline 0 -21"><span class='ocrx_word' id='word_1_2' title='bbox 257 1157 438 1223; x_wconf 87' lang='lat' dir='ltr'>Inmortale</span> <span class='ocrx_word' id='word_1_3' title='bbox 459 1158 544 1223; x_wconf 85' lang='lat' dir='ltr'>nihil</span> <span class='ocrx_word' id='word_1_4' title='bbox 566 1158 679 1223; x_wconf 90' lang='lat' dir='ltr'>mundi</span> <span class='ocrx_word' id='word_1_5' title='bbox 702 1179 858 1243; x_wconf 83' lang='lat' dir='ltr'>compage</span> <span class='ocrx_word' id='word_1_6' title='bbox 881 1160 1019 1242; x_wconf 86' lang='lat' dir='ltr'>tenetur,</span> 
     </span>
     <span class='ocr_line' id='line_1_3' title="bbox 191 1245 1160 1332; baseline -0.001 -21"><span class='ocrx_word' id='word_1_7' title='bbox 191 1245 268 1313; x_wconf 91' lang='lat' dir='ltr'>Non</span> <span class='ocrx_word' id='word_1_8' title='bbox 291 1246 393 1326; x_wconf 88' lang='lat' dir='ltr'>orbis,</span> <span class='ocrx_word' id='word_1_9' title='bbox 416 1268 482 1311; x_wconf 90' lang='lat' dir='ltr'>non</span> <span class='ocrx_word' id='word_1_10' title='bbox 504 1267 607 1331; x_wconf 79' lang='lat' dir='ltr'>regna</span> <span class='ocrx_word' id='word_1_11' title='bbox 628 1246 810 1330; x_wconf 82' lang='lat' dir='ltr'>hominum,</span> <span class='ocrx_word' id='word_1_12' title='bbox 832 1267 899 1311; x_wconf 91' lang='lat' dir='ltr'>non</span> <span class='ocrx_word' id='word_1_13' title='bbox 923 1268 1021 1311; x_wconf 89' lang='lat' dir='ltr'>aurea</span> <span class='ocrx_word' id='word_1_14' title='bbox 1043 1245 1160 1332; x_wconf 84' lang='lat' dir='ltr'>Roma,</span> 
     </span>
     <span class='ocr_line' id='line_1_4' title="bbox 191 1334 1070 1420; baseline -0.002 -21"><span class='ocrx_word' id='word_1_15' title='bbox 191 1334 267 1400; x_wconf 92' lang='lat' dir='ltr'>Non</span> <span class='ocrx_word' id='word_1_16' title='bbox 290 1357 393 1419; x_wconf 88' lang='lat' dir='ltr'>mare,</span> <span class='ocrx_word' id='word_1_17' title='bbox 415 1357 481 1400; x_wconf 90' lang='lat' dir='ltr'>non</span> <span class='ocrx_word' id='word_1_18' title='bbox 505 1336 616 1420; x_wconf 80' lang='lat' dir='ltr'>tellus,</span> <span class='ocrx_word' id='word_1_19' title='bbox 638 1356 706 1400; x_wconf 87' lang='lat' dir='ltr'>non</span> <span class='ocrx_word' id='word_1_20' title='bbox 727 1335 824 1420; x_wconf 81' lang='lat' dir='ltr'>ignea</span> <span class='ocrx_word' id='word_1_21' title='bbox 847 1334 953 1399; x_wconf 85' lang='lat' dir='ltr'>sidera</span> <span class='ocrx_word' id='word_1_22' title='bbox 976 1334 1070 1400; x_wconf 83' lang='lat' dir='ltr'>eaeli..</span> 
     </span>
     <span class='ocr_line' id='line_1_5' title="bbox 191 1422 1111 1509; baseline -0.001 -20"><span class='ocrx_word' id='word_1_23' title='bbox 191 1422 279 1489; x_wconf 88' lang='lat' dir='ltr'>Nam</span> <span class='ocrx_word' id='word_1_24' title='bbox 304 1425 422 1489; x_wconf 75' lang='lat' dir='ltr'>statuit</span> <span class='ocrx_word' id='word_1_25' title='bbox 445 1425 577 1509; x_wconf 81' lang='lat' dir='ltr'>genitor</span> <span class='ocrx_word' id='word_1_26' title='bbox 596 1446 705 1489; x_wconf 90' lang='lat' dir='ltr'>rerum</span> <span class='ocrx_word' id='word_1_27' title='bbox 727 1423 944 1487; x_wconf 77' lang='lat' dir='ltr'>inrevocabile</span> <span class='ocrx_word' id='word_1_28' title='bbox 967 1427 1111 1506; x_wconf 83' lang='lat' dir='ltr'>tempus,</span> 
     </span>
     <span class='ocr_line' id='line_1_6' title="bbox 191 1511 1205 1597; baseline -0.001 -20"><span class='ocrx_word' id='word_1_29' title='bbox 191 1511 262 1589; x_wconf 78' lang='lat' dir='ltr'>Quo</span> <span class='ocrx_word' id='word_1_30' title='bbox 286 1516 437 1577; x_wconf 79' lang='lat' dir='ltr'>cunctum</span> <span class='ocrx_word' id='word_1_31' title='bbox 455 1514 583 1577; x_wconf 90' lang='lat' dir='ltr'>torrens</span> <span class='ocrx_word' id='word_1_32' title='bbox 602 1511 711 1597; x_wconf 84' lang='lat' dir='ltr'>rapiat</span> <span class='ocrx_word' id='word_1_33' title='bbox 728 1511 860 1577; x_wconf 88' lang='lat' dir='ltr'>flamma</span> <span class='ocrx_word' id='word_1_34' title='bbox 878 1512 995 1576; x_wconf 90' lang='lat' dir='ltr'>ultima</span> <span class='ocrx_word' id='word_1_35' title='bbox 1012 1511 1205 1577; x_wconf 78' lang='lat' dir='ltr'>mundumo</span> 
     </span>
     <span class='ocr_line' id='line_1_7' title="bbox 191 1599 1060 1666; baseline 0 -1"><span class='ocrx_word' id='word_1_36' title='bbox 191 1600 255 1666; x_wconf 81' lang='lat' dir='ltr'>sed</span> <span class='ocrx_word' id='word_1_37' title='bbox 277 1605 390 1665; x_wconf 88' lang='lat' dir='ltr'>tamen</span> <span class='ocrx_word' id='word_1_38' title='bbox 411 1601 598 1665; x_wconf 91' lang='lat' dir='ltr'>innumeros</span> <span class='ocrx_word' id='word_1_39' title='bbox 621 1601 771 1666; x_wconf 89' lang='lat' dir='ltr'>homines</span> <span class='ocrx_word' id='word_1_40' title='bbox 795 1599 949 1664; x_wconf 88' lang='lat' dir='ltr'>sublimia</span> <span class='ocrx_word' id='word_1_41' title='bbox 971 1599 1060 1665; x_wconf 85' lang='lat' dir='ltr'>faeta</span> 
     </span>
     <span class='ocr_line' id='line_1_8' title="bbox 190 1688 1118 1774; baseline -0.001 -20"><span class='ocrx_word' id='word_1_42' title='bbox 190 1689 238 1754; x_wconf 78' lang='lat' dir='ltr'>Et</span> <span class='ocrx_word' id='word_1_43' title='bbox 260 1689 392 1753; x_wconf 86' lang='lat' dir='ltr'>virtutis</span> <span class='ocrx_word' id='word_1_44' title='bbox 416 1689 520 1754; x_wconf 84' lang='lat' dir='ltr'>honos</span> <span class='ocrx_word' id='word_1_45' title='bbox 543 1689 578 1753; x_wconf 92' lang='lat' dir='ltr'>in</span> <span class='ocrx_word' id='word_1_46' title='bbox 600 1693 750 1774; x_wconf 87' lang='lat' dir='ltr'>tempora</span> <span class='ocrx_word' id='word_1_47' title='bbox 772 1689 872 1773; x_wconf 84' lang='lat' dir='ltr'>longa</span> <span class='ocrx_word' id='word_1_48' title='bbox 894 1688 1118 1773; x_wconf 82' lang='lat' dir='ltr'>frequentant,</span> 
     </span>
     <span class='ocr_line' id='line_1_9' title="bbox 191 1776 1064 1862; baseline 0 -20"><span class='ocrx_word' id='word_1_49' title='bbox 191 1776 410 1843; x_wconf 81' lang='lat' dir='ltr'>Accumulant</span> <span class='ocrx_word' id='word_1_50' title='bbox 434 1800 571 1862; x_wconf 89' lang='lat' dir='ltr'>quorum</span> <span class='ocrx_word' id='word_1_51' title='bbox 594 1778 717 1843; x_wconf 87' lang='lat' dir='ltr'>famam</span> <span class='ocrx_word' id='word_1_52' title='bbox 740 1777 916 1862; x_wconf 86' lang='lat' dir='ltr'>laudesque</span> <span class='ocrx_word' id='word_1_53' title='bbox 939 1781 1064 1861; x_wconf 85' lang='lat' dir='ltr'>poetae.</span> 
     </span>
     <span class='ocr_line' id='line_1_10' title="bbox 192 1865 1045 1952; baseline 0.001 -22"><span class='ocrx_word' id='word_1_54' title='bbox 192 1866 262 1931; x_wconf 91' lang='lat' dir='ltr'>Hos</span> <span class='ocrx_word' id='word_1_55' title='bbox 285 1867 364 1930; x_wconf 90' lang='lat' dir='ltr'>oelsi</span> <span class='ocrx_word' id='word_1_56' title='bbox 387 1870 515 1952; x_wconf 82' lang='lat' dir='ltr'>cantus,</span> <span class='ocrx_word' id='word_1_57' title='bbox 540 1865 697 1950; x_wconf 80' lang='lat' dir='ltr'>Smyrnae</span> <span class='ocrx_word' id='word_1_58' title='bbox 720 1865 759 1930; x_wconf 89' lang='lat' dir='ltr'>de</span> <span class='ocrx_word' id='word_1_59' title='bbox 781 1866 871 1930; x_wconf 89' lang='lat' dir='ltr'>fonte</span> <span class='ocrx_word' id='word_1_60' title='bbox 894 1865 1045 1946; x_wconf 88' lang='lat' dir='ltr'>fluentes,</span> 
     </span>
     <span class='ocr_line' id='line_1_11' title="bbox 190 1953 1202 2021; baseline 0.001 -3"><span class='ocrx_word' id='word_1_61' title='bbox 190 1953 272 2021; x_wconf 93' lang='lat' dir='ltr'>Illos</span> <span class='ocrx_word' id='word_1_62' title='bbox 295 1953 476 2020; x_wconf 86' lang='lat' dir='ltr'>Minoiadae</span> <span class='ocrx_word' id='word_1_63' title='bbox 500 1955 643 2019; x_wconf 77' lang='lat' dir='ltr'>celebrat</span> <span class='ocrx_word' id='word_1_64' title='bbox 667 1954 802 2019; x_wconf 85' lang='lat' dir='ltr'>dulcedo</span> <span class='ocrx_word' id='word_1_65' title='bbox 825 1954 979 2019; x_wconf 86' lang='lat' dir='ltr'>Maronis.</span> <span class='ocrx_word' id='word_1_66' title='bbox 1169 1971 1202 2020; x_wconf 90' lang='lat'>10</span> 
     </span>
     <span class='ocr_line' id='line_1_12' title="bbox 190 2041 1013 2196; baseline -0.001 -88"><span class='ocrx_word' id='word_1_67' title='bbox 190 2041 261 2108; x_wconf 87' lang='lat' dir='ltr'>Nee</span> <span class='ocrx_word' id='word_1_68' title='bbox 283 2043 390 2107; x_wconf 89' lang='lat' dir='ltr'>minor</span> <span class='ocrx_word' id='word_1_69' title='bbox 399 2043 557 2196; x_wconf 71' lang='lat' dir='ltr'>tipsorum</span> <span class='ocrx_word' id='word_1_70' title='bbox 581 2043 735 2108; x_wconf 75' lang='lat' dir='ltr'>discurrit</span> <span class='ocrx_word' id='word_1_71' title='bbox 757 2043 865 2129; x_wconf 82' lang='lat' dir='ltr'>gloria</span> <span class='ocrx_word' id='word_1_72' title='bbox 888 2047 1013 2121; x_wconf 84' lang='lat' dir='ltr'>vatum,</span> 
     </span>
     <span class='ocr_line' id='line_1_13' title="bbox 191 2092 1163 2215; baseline -0.001 -19"><span class='ocrx_word' id='word_1_73' title='bbox 191 2131 280 2207; x_wconf 79' lang='lat' dir='ltr'>Quae</span> <span class='ocrx_word' id='word_1_74' title='bbox 303 2134 414 2196; x_wconf 87' lang='lat' dir='ltr'>manet</span> <span class='ocrx_word' id='word_1_75' title='bbox 436 2135 586 2196; x_wconf 86' lang='lat' dir='ltr'>aeternae</span> <span class='ocrx_word' id='word_1_76' title='bbox 610 2131 740 2215; x_wconf 88' lang='lat' dir='ltr'>similis,</span> <span class='ocrx_word' id='word_1_77' title='bbox 763 2131 840 2196; x_wconf 91' lang='lat' dir='ltr'>dum</span> <span class='ocrx_word' id='word_1_78' title='bbox 863 2132 971 2198; x_wconf 83' lang='lat' dir='ltr'>saecla</span> <span class='ocrx_word' id='word_1_79' title='bbox 992 2092 1163 2214; x_wconf 67' lang='lat' dir='ltr'>dolebunt,</span> 
     </span>
     <span class='ocr_line' id='line_1_14' title="bbox 190 2218 1039 2305; baseline -0.001 -20"><span class='ocrx_word' id='word_1_80' title='bbox 190 2218 236 2285; x_wconf 80' lang='lat' dir='ltr'>Et</span> <span class='ocrx_word' id='word_1_81' title='bbox 258 2220 384 2305; x_wconf 83' lang='lat' dir='ltr'>vertigo</span> <span class='ocrx_word' id='word_1_82' title='bbox 408 2221 477 2305; x_wconf 84' lang='lat' dir='ltr'>poli</span> <span class='ocrx_word' id='word_1_83' title='bbox 499 2223 605 2285; x_wconf 88' lang='lat' dir='ltr'>terras</span> <span class='ocrx_word' id='word_1_84' title='bbox 630 2223 729 2304; x_wconf 87' lang='lat' dir='ltr'>atque</span> <span class='ocrx_word' id='word_1_85' title='bbox 753 2241 895 2305; x_wconf 90' lang='lat' dir='ltr'>aequora</span> <span class='ocrx_word' id='word_1_86' title='bbox 918 2221 1039 2286; x_wconf 87' lang='lat' dir='ltr'>eireum</span> 
     </span>
     <span class='ocr_line' id='line_1_15' title="bbox 191 2306 1018 2374; baseline 0.004 -3"><span class='ocrx_word' id='word_1_87' title='bbox 191 2306 338 2373; x_wconf 86' lang='lat' dir='ltr'>Aethera</span> <span class='ocrx_word' id='word_1_88' title='bbox 361 2308 551 2374; x_wconf 90' lang='lat' dir='ltr'>sidereum</span> <span class='ocrx_word' id='word_1_89' title='bbox 543 2330 632 2374; x_wconf 90' lang='lat' dir='ltr'>1usso</span> <span class='ocrx_word' id='word_1_90' title='bbox 656 2309 875 2374; x_wconf 86' lang='lat' dir='ltr'>moderamine</span> <span class='ocrx_word' id='word_1_91' title='bbox 898 2309 1018 2374; x_wconf 83' lang='lat' dir='ltr'>volvet</span> 
     </span>
    </p>
   </div>
   <div class='ocr_carea' id='block_1_3' title="bbox 92 2395 1204 2483">
    <p class='ocr_par' dir='ltr' id='par_1_3' title="bbox 92 2395 1204 2483">
     <span class='ocr_line' id='line_1_16' title="bbox 92 2395 1204 2483; baseline 0.001 -24"><span class='ocrx_word' id='word_1_92' title='bbox 92 2455 99 2459; x_wconf 84' lang='lat'><em>.</em></span> <span class='ocrx_word' id='word_1_93' title='bbox 193 2395 287 2474; x_wconf 81' lang='lat' dir='ltr'>Quod</span> <span class='ocrx_word' id='word_1_94' title='bbox 310 2397 339 2461; x_wconf 90' lang='lat' dir='ltr'>si</span> <span class='ocrx_word' id='word_1_95' title='bbox 361 2400 432 2461; x_wconf 90' lang='lat' dir='ltr'>tam</span> <span class='ocrx_word' id='word_1_96' title='bbox 454 2398 588 2483; x_wconf 80' lang='lat' dir='ltr'>longam</span> <span class='ocrx_word' id='word_1_97' title='bbox 611 2401 798 2462; x_wconf 88' lang='lat' dir='ltr'>meruerunt</span> <span class='ocrx_word' id='word_1_98' title='bbox 821 2396 965 2461; x_wconf 84' lang='lat' dir='ltr'>earmina</span> <span class='ocrx_word' id='word_1_99' title='bbox 987 2396 1122 2479; x_wconf 88' lang='lat' dir='ltr'>famam,</span> <span class='ocrx_word' id='word_1_100' title='bbox 1171 2412 1204 2460; x_wconf 89' lang='lat'>15</span> 
     </span>
    </p>
   </div>
   <div class='ocr_carea' id='block_1_4' title="bbox 149 2483 1239 3013">
    <p class='ocr_par' dir='ltr' id='par_1_4' title="bbox 149 2483 1239 3013">
     <span class='ocr_line' id='line_1_17' title="bbox 149 2483 1125 2572; baseline -0.001 -22"><span class='ocrx_word' id='word_1_101' title='bbox 149 2493 154 2503; x_wconf 87' lang='grc'><strong>’</strong></span> <span class='ocrx_word' id='word_1_102' title='bbox 191 2483 280 2559; x_wconf 81' lang='lat' dir='ltr'>Quae</span> <span class='ocrx_word' id='word_1_103' title='bbox 303 2489 449 2550; x_wconf 82' lang='lat' dir='ltr'>veterum</span> <span class='ocrx_word' id='word_1_104' title='bbox 472 2487 574 2572; x_wconf 83' lang='lat' dir='ltr'>gestis</span> <span class='ocrx_word' id='word_1_105' title='bbox 598 2485 765 2550; x_wconf 89' lang='lat' dir='ltr'>hominum</span> <span class='ocrx_word' id='word_1_106' title='bbox 789 2484 957 2549; x_wconf 80' lang='lat' dir='ltr'>mendacia</span> <span class='ocrx_word' id='word_1_107' title='bbox 977 2488 1125 2567; x_wconf 79' lang='lat' dir='ltr'>nectunt,</span> 
     </span>
     <span class='ocr_line' id='line_1_18' title="bbox 192 2572 1027 2640; baseline -0.004 -1"><span class='ocrx_word' id='word_1_108' title='bbox 192 2573 298 2639; x_wconf 90' lang='lat' dir='ltr'>Nobis</span> <span class='ocrx_word' id='word_1_109' title='bbox 321 2578 412 2639; x_wconf 82' lang='lat' dir='ltr'>certa</span> <span class='ocrx_word' id='word_1_110' title='bbox 433 2574 514 2639; x_wconf 88' lang='lat' dir='ltr'>fides</span> <span class='ocrx_word' id='word_1_111' title='bbox 538 2578 689 2640; x_wconf 89' lang='lat' dir='ltr'>aeternae</span> <span class='ocrx_word' id='word_1_112' title='bbox 711 2575 747 2638; x_wconf 91' lang='lat' dir='ltr'>in</span> <span class='ocrx_word' id='word_1_113' title='bbox 770 2573 899 2638; x_wconf 78' lang='lat' dir='ltr'>saecula</span> <span class='ocrx_word' id='word_1_114' title='bbox 922 2572 1027 2637; x_wconf 92' lang='lat' dir='ltr'>laudis</span> 
     </span>
     <span class='ocr_line' id='line_1_19' title="bbox 191 2661 1076 2747; baseline -0.001 -21"><span class='ocrx_word' id='word_1_115' title='bbox 191 2661 371 2728; x_wconf 88' lang='lat' dir='ltr'>Inmortale</span> <span class='ocrx_word' id='word_1_116' title='bbox 395 2663 491 2727; x_wconf 87' lang='lat' dir='ltr'>deous</span> <span class='ocrx_word' id='word_1_117' title='bbox 514 2663 650 2744; x_wconf 87' lang='lat' dir='ltr'>tribuet,</span> <span class='ocrx_word' id='word_1_118' title='bbox 674 2662 889 2745; x_wconf 80' lang='lat' dir='ltr'>meritumque</span> <span class='ocrx_word' id='word_1_119' title='bbox 912 2662 1076 2747; x_wconf 87' lang='lat' dir='ltr'>rependet.</span> 
     </span>
     <span class='ocr_line' id='line_1_20' title="bbox 193 2749 1037 2835; baseline -0.004 -19"><span class='ocrx_word' id='word_1_120' title='bbox 193 2749 281 2816; x_wconf 89' lang='lat' dir='ltr'>Nam</span> <span class='ocrx_word' id='word_1_121' title='bbox 304 2751 386 2816; x_wconf 83' lang='lat' dir='ltr'>milri</span> <span class='ocrx_word' id='word_1_122' title='bbox 409 2773 539 2817; x_wconf 83' lang='lat' dir='ltr'>carmen</span> <span class='ocrx_word' id='word_1_123' title='bbox 562 2751 624 2816; x_wconf 89' lang='lat' dir='ltr'>erit</span> <span class='ocrx_word' id='word_1_124' title='bbox 646 2749 770 2820; x_wconf 75' lang='lat' dir='ltr'>Christi</span> <span class='ocrx_word' id='word_1_125' title='bbox 784 2750 908 2815; x_wconf 69' lang='lat' dir='ltr'>uitalia</span> <span class='ocrx_word' id='word_1_126' title='bbox 931 2753 1037 2835; x_wconf 85' lang='lat' dir='ltr'>gesta,</span> 
     </span>
     <span class='ocr_line' id='line_1_21' title="bbox 191 2839 1239 2925; baseline -0.001 -22"><span class='ocrx_word' id='word_1_127' title='bbox 191 2839 345 2905; x_wconf 86' lang='lat' dir='ltr'>Divinum</span> <span class='ocrx_word' id='word_1_128' title='bbox 368 2841 498 2925; x_wconf 87' lang='lat' dir='ltr'>populis</span> <span class='ocrx_word' id='word_1_129' title='bbox 521 2840 598 2904; x_wconf 88' lang='lat' dir='ltr'>falsi</span> <span class='ocrx_word' id='word_1_130' title='bbox 621 2841 691 2903; x_wconf 90' lang='lat' dir='ltr'>sine</span> <span class='ocrx_word' id='word_1_131' title='bbox 714 2839 847 2903; x_wconf 87' lang='lat' dir='ltr'>erimine</span> <span class='ocrx_word' id='word_1_132' title='bbox 872 2839 1000 2903; x_wconf 88' lang='lat' dir='ltr'>donum.</span> <span class='ocrx_word' id='word_1_133' title='bbox 1171 2854 1208 2902; x_wconf 79' lang='lat'>20</span> <span class='ocrx_word' id='word_1_134' title='bbox 1237 2892 1239 2895; x_wconf 91' lang='lat'><em>.</em></span> 
     </span>
     <span class='ocr_line' id='line_1_22' title="bbox 192 2925 1054 3013; baseline 0 -21"><span class='ocrx_word' id='word_1_135' title='bbox 192 2925 261 2993; x_wconf 87' lang='lat' dir='ltr'>Neo</span> <span class='ocrx_word' id='word_1_136' title='bbox 284 2932 406 3012; x_wconf 88' lang='lat' dir='ltr'>metus,</span> <span class='ocrx_word' id='word_1_137' title='bbox 429 2934 467 2995; x_wconf 88' lang='lat' dir='ltr'>ut</span> <span class='ocrx_word' id='word_1_138' title='bbox 489 2928 600 2994; x_wconf 89' lang='lat' dir='ltr'>mundi</span> <span class='ocrx_word' id='word_1_139' title='bbox 622 2927 752 3013; x_wconf 86' lang='lat' dir='ltr'>rapiant</span> <span class='ocrx_word' id='word_1_140' title='bbox 775 2927 923 2993; x_wconf 82' lang='lat' dir='ltr'>incendia</span> <span class='ocrx_word' id='word_1_141' title='bbox 945 2949 1054 2992; x_wconf 86' lang='lat' dir='ltr'>seeum</span> 
     </span>
    </p>
   </div>
   <div class='ocr_carea' id='block_1_5' title="bbox 193 3092 1210 3259">
    <p class='ocr_par' dir='ltr' id='par_1_5' title="bbox 193 3092 1210 3259">
     <span class='ocr_line' id='line_1_23' title="bbox 268 3092 1210 3187; baseline 0 -15"><span class='ocrx_word' id='word_1_142' title='bbox 268 3118 308 3173; x_wconf 81' lang='lat' dir='ltr'>ru</span> <span class='ocrx_word' id='word_1_143' title='bbox 339 3092 488 3174; x_wconf 75' lang='lat' dir='ltr'>nonina</span> <span class='ocrx_word' id='word_1_144' title='bbox 520 3120 606 3187; x_wconf 61' lang='lat' dir='ltr'>Auo:</span> <span class='ocrx_word' id='word_1_145' title='bbox 638 3118 839 3175; x_wconf 78' lang='lat' dir='ltr'>uoruroruo</span> <span class='ocrx_word' id='word_1_146' title='bbox 872 3119 1082 3175; x_wconf 72' lang='lat' dir='ltr'>irruimus</span> <span class='ocrx_word' id='word_1_147' title='bbox 1114 3107 1210 3173; x_wconf 55' lang='lat' dir='ltr'>sonu</span> 
     </span>
     <span class='ocr_line' id='line_1_24' title="bbox 193 3189 1209 3259; baseline -0.001 -15"><span class='ocrx_word' id='word_1_148' title='bbox 193 3189 318 3244; x_wconf 76' lang='lat' dir='ltr'>AMEN</span> <span class='ocrx_word' id='word_1_149' title='bbox 341 3190 478 3245; x_wconf 72' lang='lat' dir='ltr'>monor</span> <span class='ocrx_word' id='word_1_150' title='bbox 500 3190 695 3247; x_wconf 77' lang='lat' dir='ltr'>Paonoeus</span> <span class='ocrx_word' id='word_1_151' title='bbox 718 3190 917 3246; x_wconf 71' lang='lat' dir='ltr'>euersum</span> <span class='ocrx_word' id='word_1_152' title='bbox 939 3189 1112 3246; x_wconf 62' lang='lat' dir='ltr'>uassuuu</span> <span class='ocrx_word' id='word_1_153' title='bbox 1134 3193 1209 3259; x_wconf 71' lang='lat' dir='ltr'>&lt;ver</span> 
     </span>
    </p>
   </div>
   <div class='ocr_carea' id='block_1_6' title="bbox 195 3277 1210 3420">
    <p class='ocr_par' dir='ltr' id='par_1_6' title="bbox 195 3277 1210 3420">
     <span class='ocr_line' id='line_1_25' title="bbox 195 3277 1210 3346; baseline -0.001 -14"><span class='ocrx_word' id='word_1_154' title='bbox 195 3280 329 3346; x_wconf 91' lang='lat' dir='ltr'>suum)</span> <span class='ocrx_word' id='word_1_155' title='bbox 317 3297 350 3334; x_wconf 78' lang='lat' dir='ltr'>au</span> <span class='ocrx_word' id='word_1_156' title='bbox 378 3280 427 3346; x_wconf 85' lang='lat' dir='ltr'>M,</span> <span class='ocrx_word' id='word_1_157' title='bbox 463 3278 599 3334; x_wconf 82' lang='lat' dir='ltr'>INCIPIT</span> <span class='ocrx_word' id='word_1_158' title='bbox 626 3278 807 3334; x_wconf 82' lang='lat' dir='ltr'>PREFATIO</span> <span class='ocrx_word' id='word_1_159' title='bbox 835 3279 990 3334; x_wconf 79' lang='lat' dir='ltr'>IVVENCI</span> <span class='ocrx_word' id='word_1_160' title='bbox 1015 3278 1083 3334; x_wconf 76' lang='lat' dir='ltr'>Pus</span> <span class='ocrx_word' id='word_1_161' title='bbox 1110 3280 1143 3332; x_wconf 78' lang='lat' dir='ltr'>iu</span> <span class='ocrx_word' id='word_1_162' title='bbox 1169 3277 1210 3346; x_wconf 77' lang='lat' dir='ltr'>R,</span> 
     </span>
     <span class='ocr_line' id='line_1_26' title="bbox 195 3347 1210 3420; baseline 0.002 -20"><span class='ocrx_word' id='word_1_163' title='bbox 195 3347 286 3401; x_wconf 84' lang='lat' dir='ltr'>ITEM</span> <span class='ocrx_word' id='word_1_164' title='bbox 304 3348 543 3404; x_wconf 77' lang='lat' dir='ltr'>PRAEFATIO</span> <span class='ocrx_word' id='word_1_165' title='bbox 531 3369 563 3404; x_wconf 78' lang='lat' dir='ltr'>aa</span> <span class='ocrx_word' id='word_1_166' title='bbox 587 3349 627 3402; x_wconf 90' lang='lat' dir='ltr'>V¹</span> <span class='ocrx_word' id='word_1_167' title='bbox 640 3351 650 3418; x_wconf 91' lang='lat' dir='ltr'>l</span> <span class='ocrx_word' id='word_1_168' title='bbox 673 3356 690 3404; x_wconf 80' lang='grc'><strong>9</strong></span> <span class='ocrx_word' id='word_1_169' title='bbox 709 3349 836 3405; x_wconf 85' lang='lat' dir='ltr'>Smrrnae</span> <span class='ocrx_word' id='word_1_170' title='bbox 856 3349 917 3432; x_wconf 69' lang='lat'>0¹11</span> <span class='ocrx_word' id='word_1_171' title='bbox 941 3358 973 3404; x_wconf 85' lang='grc'>13</span> <span class='ocrx_word' id='word_1_172' title='bbox 992 3350 1084 3420; x_wconf 85' lang='lat' dir='ltr'>adque</span> <span class='ocrx_word' id='word_1_173' title='bbox 1101 3364 1210 3419; x_wconf 83' lang='lat' dir='ltr'>aegora</span> 
     </span>
    </p>
   </div>
   <div class='ocr_carea' id='block_1_7' title="bbox 173 3419 1210 3543">
    <p class='ocr_par' dir='ltr' id='par_1_7' title="bbox 173 3419 1210 3543">
     <span class='ocr_line' id='line_1_27' title="bbox 173 3419 1210 3542; baseline 0.002 -70"><span class='ocrx_word' id='word_1_174' title='bbox 173 3429 176 3436; x_wconf 88' lang='grc'><strong>’</strong></span> <span class='ocrx_word' id='word_1_175' title='bbox 191 3420 318 3542; x_wconf 41' lang='lat' dir='ltr'>Zsigrammo</span> <span class='ocrx_word' id='word_1_176' title='bbox 336 3435 504 3542; x_wconf 45' lang='lat' dir='ltr'>Iaequora}</span> <span class='ocrx_word' id='word_1_177' title='bbox 524 3419 557 3474; x_wconf 83' lang='lat'>0¹</span> <span class='ocrx_word' id='word_1_178' title='bbox 577 3421 587 3488; x_wconf 71' lang='lat' dir='ltr'>l</span> <span class='ocrx_word' id='word_1_179' title='bbox 614 3419 1210 3490; x_wconf 73' lang='lat' dir='ltr'>ropopulissine1n0V1,in0¹sup</span> 
     </span>
     <span class='ocr_line' id='line_1_28' title="bbox 287 3505 334 3543; baseline 0 0"><span class='ocrx_word' id='word_1_180' title='bbox 287 3505 334 3543; x_wconf 82' lang='lat' dir='ltr'>au</span> 
     </span>
    </p>
   </div>
   <div class='ocr_carea' id='block_1_8' title="bbox 0 0 1307 3924">
    <p class='ocr_par' dir='ltr' id='par_1_8' title="bbox 0 0 1307 3924">
     <span class='ocr_line' id='line_1_29' title="bbox 0 0 1307 3924; baseline 0 0"><span class='ocrx_word' id='word_1_181' title='bbox 0 0 1307 3924; x_wconf 95' lang='lat' dir='ltr'> </span> 
     </span>
    </p>
   </div>
  </div>
 </body>
</html>
