2600 3934
170 106 213 170 12
602 104 712 160 LIBER
729 105 750 162 Ι.

170 252 407 336 Inventumque
432 250 495 314 sibi
518 271 656 334 puerum
681 253 863 314 monstrare
887 249 1065 314 colendum.

170 339 254 405 Ecce
276 339 370 404 iteris
393 338 500 402 medio
524 338 655 402 stellam
678 359 886 421 praecurrere
910 341 1047 402 cernunt

171 427 356 493 Sulcantem
379 426 520 491 flammis
545 447 653 510 auras,
677 447 759 510 quae
782 426 923 491 culmine
947 448 1074 491 summo

170 515 306 581 Restitit
329 518 362 580 et
385 515 478 600 pueri
499 516 641 579 lustrata
663 514 851 580 habitacula
874 518 1045 579 monstrat.
1133 531 1187 578 245
1272 548 1273 609 3

171 604 298 669 Gaudia
321 625 441 689 magna
462 603 555 688 Magi
578 603 722 688 gaudent
745 603 895 686 sidusque
919 603 1079 688 salutant,

170 693 216 757 Et
239 696 414 777 postquam
437 714 575 776 puerum
598 692 706 755 videre
731 692 790 756 sub
814 692 913 756 ubere
937 692 1065 776 matris,

170 781 299 847 Deiecti
322 803 425 866 prono
449 784 601 845 texerunt
623 801 757 865 corpore
781 785 902 845 terram

171 869 406 954 summissique
430 869 531 933 simul
552 872 726 953 quaesuut3
748 872 819 933 tum
842 890 977 933 munera
998 868 1087 933 trina

171 958 251 1044 Tus,
275 981 404 1040 aurum,
427 956 596 1039 myrrham
619 956 754 1042 regique
775 957 965 1041 hominique
988 957 1186 1041 Deoque250

170 1047 268 1112 Dona
290 1047 409 1110 ferunt.
456 1045 574 1110 Totam
596 1067 673 1110 mox
695 1044 828 1109 horrida
852 1046 981 1110 somnia
1002 1050 1131 1111 noctem

173 1134 358 1200 Sollicitaut
382 1154 577 1217 saevumque
600 1134 714 1198 iubent
736 1133 841 1198 vitare
865 1138 1048 1217 tyrannum.

171 1223 320 1308 Denique
344 1222 480 1287 diversis
503 1221 643 1287 Herodis
667 1221 805 1286 callibus
829 1223 937 1287 aulam

171 1311 358 1396 Diffugiunt
379 1312 585 1396 patriamque
607 1308 699 1394 Magi
721 1310 845 1375 rediere
868 1311 1017 1376 latenter.

216 1400 329 1486 Ipsum
353 1400 453 1464 etiam
475 1420 611 1483 puerum
636 1399 769 1463 monitis
793 1399 984 1464 caelestibus
1007 1405 1099 1464 actus
1135 1416 1187 1464 255

173 1490 363 1575 Aegyptum
387 1511 459 1554 cum
483 1491 588 1553 matre
612 1487 711 1552 simul
734 1491 936 1571 transportat
959 1488 1087 1571 Ioseph.

171 1576 219 1642 At
241 1578 329 1642 ferus
354 1577 499 1642 Herodes
524 1577 656 1641 sibimet
679 1576 848 1640 succedere
872 1577 987 1660 credit,

172 1664 275 1740 Quem
299 1666 421 1731 callens
446 1666 544 1729 astris
569 1665 751 1749 quaesisset
774 1686 850 1729 cura
872 1663 1053 1750 Magorum.

172 1752 315 1828 Quorum
339 1757 514 1838 praecauto
538 1753 681 1818 discessu
704 1753 902 1817 sollicitatus

172 1841 372 1907 Horribilem
395 1841 491 1906 iussit
513 1841 665 1906 Bethlem
688 1864 746 1927 per
770 1843 914 1924 compita
936 1842 1075 1907 caedem.
1134 1857 1188 1907 260

170 1929 316 1995 Infantes
341 1934 472 1996 cunctos
496 1934 706 2015 teneramque
730 1931 790 1994 sub
813 1931 911 1994 ubere
934 1932 1064 2014 plebem

172 2019 295 2083 Avellit
318 2018 405 2084 ferro
427 2019 519 2083 nollo
544 2020 605 2082 sub
629 2019 763 2085 crimine
787 2019 911 2102 culpae.

171 2106 261 2172 Haec
285 2108 384 2172 etiam
407 2107 518 2172 caedes
543 2108 622 2171 olim
645 2108 846 2192 praescripta
868 2109 1035 2191 manebat,

173 2195 276 2271 Quam
300 2196 404 2261 bonus
427 2195 611 2260 Hieremias
636 2196 745 2260 divino
768 2196 901 2262 numine
924 2198 1032 2261 iussus

91 2310 99 2323 ·
172 2282 377 2368 complorat,
402 2283 526 2349 subolis
550 2284 669 2348 misero
693 2306 751 2368 pro
774 2284 886 2349 funere
910 2290 1031 2349 matres
1135 2301 1187 2349 265

173 2372 353 2438 Horrendis
377 2372 521 2456 graviter
544 2373 671 2437 caelum
694 2373 823 2456 pulsare
846 2374 1009 2458 querellis.

172 2462 236 2525 Ast
258 2462 315 2525 ubi
338 2461 464 2544 sopitus
487 2460 579 2525 furor
603 2465 653 2525 est
677 2468 709 2524 et
733 2483 830 2525 saeva
852 2464 983 2544 tyranni

172 2550 339 2615 Infantum
362 2549 513 2613 horribili
535 2549 649 2614 feritas
674 2549 795 2613 satiata
817 2571 945 2635 cruore,

172 2639 361 2703 Extinxisse
384 2641 478 2721 putat
502 2642 649 2722 cunctos,
673 2660 754 2722 quos
779 2661 861 2702 unus
886 2642 919 2703 et
942 2640 1026 2704 alter

172 2729 286 2792 Annus
309 2727 430 2791 letiferi
453 2727 588 2791 miseros
613 2732 821 2811 oppresserat
844 2727 924 2791 aevi.
1135 2743 1188 2792 270
1272 2708 1273 2749 l

216 2815 374 2881 Mirandis
398 2837 512 2879 rursus
536 2815 703 2880 devinctus
727 2816 875 2880 membra
899 2837 1013 2900 sopore

171 3025 327 3092 RMMat,
353 3023 471 3091 Hi001,
498 3025 576 3078 Tunc
599 3023 637 3079 V¹
664 3025 755 3093 11'248
774 3027 915 3092 texerunt,
948 3025 1108 3079 straverunt
1127 3023 1163 3079 0¹
1180 3023 1190 3096 Η

173 3102 226 3151 250
253 3095 396 3149 murrham
426 3095 468 3163 0¹,
496 3112 619 3165 myrram
644 3095 711 3149 MR
738 3098 748 3164 ΙΙ
776 3100 826 3149 251
851 3095 933 3149 Dona
955 3096 1049 3150 ferunt
1070 3096 1188 3150 Hieron.

173 3168 276 3221 Muttt.
296 3167 318 3220 I
333 3171 432 3233 2,11;
460 3166 572 3221 Alesia.
593 3166 672 3233 Offir.
693 3170 726 3231 5,·
755 3167 790 3232 ef.
810 3166 900 3221 Prud.
919 3167 992 3220 Ditt.
1010 3171 1081 3234 106,
1108 3166 1190 3221 Dona

174 3235 282 3291 dabant
300 3235 462 3304 (Donabant
475 3237 517 3301 M,
536 3237 568 3290 io
581 3253 667 3306 marp.
683 3255 701 3291 α
715 3253 787 3291 marc.
794 3241 866 3304 post.
886 3236 967 3292 Dona
980 3236 1083 3304 ferunt,
1101 3253 1190 3307 supra

173 3310 190 3363 t.
209 3325 228 3362 a
245 3325 279 3362 m.
299 3306 361 3359 III
387 3306 434 3373 da)
463 3308 472 3374 ΙΙ
499 3310 552 3360 264
579 3307 702 3361 latenter
730 3306 899 3371 0¹Aad.¹·²
916 3308 948 3374 Τ,
981 3309 1122 3362 laetantes
1150 3308 1191 3361 M

174 3379 218 3444 (iu
235 3393 321 3448 marp.
341 3377 483 3445 latentes),
502 3377 623 3432 latentes
637 3380 647 3445 ΙΙ
661 3384 713 3432 262
731 3376 825 3432 Arelli
841 3379 878 3431 M
885 3380 917 3433 in
926 3395 1011 3449 marp.
1027 3379 1064 3449 R,
1082 3379 1191 3433 Evellit

173 3448 297 3514 11211269
316 3446 422 3516 primus
440 3447 479 3502 M
