2600 3934
550 81 834 139 PROLIIGOIIIINA.
1149 86 1202 141 VII

185 234 356 315 poetarum
383 228 630 294 notissimorum
658 227 821 294 interdum
849 251 868 293 a
894 229 1037 295 librariis
1062 229 1202 298 Iuvenco

186 317 350 383 immerito
373 317 572 401 tribuuntur,
594 318 684 382 velut
707 318 857 382 Aratoris
881 318 919 383 de
942 319 1036 384 Actis
1060 319 1202 406 Aposto-

186 408 293 473 lorum
316 406 353 470 in
375 405 484 471 codice
508 406 647 490 quodam
670 405 830 491 timbron,
855 405 977 472 Sedulii
1001 410 1203 491 prooemium

185 496 221 561 in
248 495 356 561 codice
381 495 522 580 quodam
546 493 748 578 San-Germ„
776 496 1028 581 Epigrammata
1049 497 1203 582 Prosperi

185 583 343 669 Aquitani
372 585 407 648 in
430 583 499 649 cod.
522 583 579 648 lat.
603 582 671 649 544
693 583 773 648 bibl.
796 583 898 650 Paris.
923 607 1004 651 saec.
1027 583 1118 650 XIII.
1163 587 1203 651 In

186 673 339 757 catalogo
369 671 455 737 enim
481 672 542 737 sub
571 694 622 737 no.
654 672 694 738 13
715 672 815 737 huius
839 672 958 738 codicis
981 675 1128 738 earmina
1151 673 1202 739 Iu·

186 761 277 826 venei
301 765 611 845 commemorantur,
635 760 690 824 sed
713 760 755 826 H.
781 760 910 845 Dierlrs,
932 783 1028 847 quem
1052 762 1202 828 Lutetiae

185 854 254 914 tum
281 853 468 916 versantem
496 849 648 935 precibus
677 849 756 934 adii,
788 851 923 915 comiter
951 872 1002 916 me
1031 852 1203 917 certiorem

185 938 275 1022 facit,
304 959 448 1003 errorem
469 937 546 1003 hino
569 937 747 1017 exstitisse,
780 939 866 1023 quod
892 939 927 1003 in
955 940 1103 1025 margine
1131 940 1203 1005 folii

188 1022 266 1092 145¹>
294 1049 314 1091 a
348 1048 446 1092 manu
475 1026 658 1112 posteriore
685 1027 766 1092 haec
793 1028 894 1092 verba
921 1027 1051 1111 adpicta
1079 1033 1202 1093 essent:

184 1113 479 1180 EPIGRAMMA
504 1119 537 1180 et
556 1114 656 1179 infra:
680 1114 926 1182 UiueNOIVM
946 1119 951 1194 1
971 1115 1025 1181 ΒΕ
1049 1115 1201 1192 Recine

184 1201 341 1270 ADHUO
364 1201 412 1268 IN
438 1201 592 1268 GARNe.
634 1201 802 1288 Syllabam
826 1208 935 1270 autem
958 1205 1089 1269 finalem
1112 1205 1201 1270 vocis

184 1294 360 1375 uiuentium
392 1314 459 1358 non
491 1292 572 1357 satis
605 1292 811 1377 perspicuam
843 1314 914 1358 esse
943 1293 1136 1358 efaosimili
1160 1294 1201 1358 ab

184 1381 226 1446 H.
248 1380 368 1446 Dierlrs
397 1381 479 1446 mihi
506 1381 605 1446 misso
635 1380 769 1467 colligo,
798 1381 855 1446 sed
882 1404 949 1447 non
973 1382 1099 1465 dubito,
1123 1383 1202 1466 quin

183 1491 247 1536 vox
265 1471 434 1535 uiuendum
453 1469 504 1536 vel
517 1470 685 1534 vicentium
699 1491 719 1534 a
733 1469 868 1535 librario
882 1470 1063 1555 posteriore
1079 1472 1202 1554 scripta

185 1559 241 1643 sit3
269 1557 349 1624 haec
378 1559 463 1623 enim
491 1557 614 1644 legitur
641 1558 676 1622 in
702 1557 896 1643 quibusdam
919 1555 1133 1644 codicibus.*)
1160 1596 1200 1604 -

185 1646 248 1713 Sed
271 1669 356 1712 nuno
380 1646 420 1711 ad
444 1646 590 1712 codicum
614 1646 757 1712 indolem
780 1650 812 1712 et
836 1648 1066 1713 auctoritatem
1085 1646 1202 1713 descri-

183 1736 324 1801 bendam
345 1739 562 1800 transeamus.
948 1767 956 1779 ·

251 1824 301 1890 Ao
310 1823 631 1910 praestantissimum
641 1823 770 1908 quidem
780 1821 1202 1908 loeumoodexOollegii

184 1914 360 1999 corporis
375 1910 525 1978 Christi
538 1910 883 1998 CantabrIgiensis
898 1913 965 1977 304
980 1910 1050 1997 (0¹)
1066 1913 1202 1997 obtinet,

182 2004 274 2069 ouius
294 2002 545 2087 descriptionem
566 2022 585 2066 a
602 2000 673 2066 viro
692 2001 739 2066 ill.
757 1999 799 2067 Η.
819 2000 998 2066 Bradshaw
1018 2001 1199 2067 confectam

184 2091 427 2177 Zangemeister
458 2090 493 2154 in
520 2089 586 2155 rol.
613 2089 658 2154 84
689 2089 765 2154 libri
795 2087 1115 2174 „Sitzungsberichte
1144 2090 1202 2154 der

182 2181 265 2245 kais.
279 2179 460 2244 Akademie
475 2179 532 2243 der
541 2177 640 2242 Wiss.
655 2175 879 2242 Phil-Histor.
894 2176 1026 2244 Olasse“
1038 2201 1069 2263 p.
1084 2177 1149 2243 553
1160 2200 1200 2243 ss.

181 2267 695 2423 {llbplilieleillidimvii
714 2266 1201 2442 zilpttfllitltssltt

183 2446 290 2511 tribus
321 2444 411 2510 foliis
444 2443 622 2527 separatim
651 2443 782 2509 adnexis
810 2464 924 2508 versus
952 2442 1045 2528 illos,
1078 2444 1133 2528 qui
1161 2444 1202 2509 ad

183 2533 302 2600 Isidori
310 2532 516 2618 Hispalensis
526 2532 761 2600 bibliothecam
775 2531 971 2616 pertinuisse
982 2529 1201 2616 dicuntur**)‚

183 2623 305 2687 litteris
337 2621 532 2707 capitalibus
566 2621 720 2705 depictos.
765 2621 849 2687 Tum
882 2619 998 2686 folium
1025 2622 1047 2684 4
1075 2621 1200 2706 praefa-

184 2713 309 2777 tionem
336 2711 430 2776 illam
454 2711 612 2794 spuriam,
640 2732 723 2795 quae
747 2710 786 2774 de
810 2713 966 2794 quattuor
989 2709 1199 2794 evangelistis

184 2797 326 2886 est***),
344 2802 378 2863 et
396 2803 472 2884 post
487 2798 759 2883 subscriptionem
775 2820 875 2883 supra
889 2797 1055 2863 laudatam
1070 2797 1202 2862 initium

256 2940 283 3009 *)
301 2937 413 2994 Videsis
431 2935 536 2995 Patrol.
556 2937 606 2993 lat.
625 2936 727 3007 llIignii
745 2938 813 2992 tom.
834 2941 867 2991 ⁶1
887 2954 915 3006 p.
935 2942 995 2991 503.

239 3008 281 3081 **)
300 3008 435 3065 Consules
459 3007 564 3066 Patrol.
587 3008 637 3063 lat.
661 3007 763 3076 Mignii
785 3008 855 3063 tom.
878 3013 914 3062 83
937 3025 964 3078 p.
990 3011 1058 3062 1107
1073 3024 1108 3061 ss.
1147 3007 1202 3061 Sed

184 3081 273 3163 codor
296 3080 419 3163 quenci·
437 3096 494 3135 non
522 3079 616 3160 omnia
640 3077 729 3134 habet
756 3094 828 3148 quae
852 3077 898 3133 hle
921 3077 999 3133 edita
1022 3078 1087 3134 sunt
1111 3093 1200 3146 eaque

183 3152 284 3293 miliil
303 3150 381 3278 lidbb
392 3150 813 3303 biiilidduibmpruribusue·
823 3220 915 3275 causis
933 3218 1049 3276 quenci
1067 3237 1127 3276 esse
1145 3236 1201 3275 non

184 3295 287 3364 potest.
324 3292 399 3347 Nam
416 3311 442 3347 v.
464 3298 478 3347 1
503 3308 606 3348 nomen
624 3290 764 3346 Matthaei
786 3291 958 3360 brsyllabum
979 3291 1129 3361 legendum
1148 3293 1199 3358 est,

184 3363 261 3434 quod
286 3381 352 3419 usus
370 3363 487 3418 Iuvenoi
504 3380 561 3419 non
579 3361 706 3419 admittit
724 3360 770 3431 (of.
789 3362 816 3416 11
835 3366 894 3433 96);
914 3361 964 3417 sed
980 3363 1038 3416 iam
1056 3361 1202 3417 Prudentii

177 3437 314 3507 tempore
333 3435 441 3491 lactum
460 3451 521 3491 esse
540 3451 596 3490 non
610 3450 724 3504 prorsus
738 3434 900 3504 negandum
914 3434 964 3500 est,
984 3449 1048 3486 eum
1061 3432 1085 3486 is
1099 3448 1201 3488 nomen
