2600 3934
515 176 547 230 V.
568 180 717 231 ors-642.
1074 174 1121 239 49

95 319 264 387 Veridicis
288 318 395 404 aperit
411 319 612 384 ‘convincens
635 323 770 403 pectora
792 321 913 385 verbis:
1065 337 1118 387 610

95 408 160 495 „Si
183 408 316 495 gemina
338 428 477 493 regnum
500 407 695 473 distractum
717 412 811 494 parte
834 408 980 475 dehiscat
1004 433 1015 471 ι

95 498 147 564 Et
172 499 275 563 scissa
299 495 469 561 adversum
493 517 563 561 sese
587 496 726 561 divulsio
750 501 892 582 pugnet*

98 586 270 670 Disruptis
293 606 431 669 propere
454 585 608 650 labentur
630 586 749 650 cuncta
771 585 931 650 medullis.

99 674 265 740 Horridus
289 677 322 737 et
344 673 481 738 daemon
505 673 534 738 si
556 672 713 738 daemone
736 673 870 757 pellitur
892 676 974 758 atro,
1011 714 1013 716 -

99 762 253 827 Adversa
276 761 409 827 sibimet
432 761 552 828 scissus
575 761 699 827 virtute
722 764 891 845 repugnat.
1065 778 1121 828 616

101 848 185 926 Quis
208 848 331 935 poterit
352 850 508 933 praedam
531 850 629 915 tectis
653 849 779 915 auferre
802 851 960 933 virorum,

100 937 149 1004 Ni
172 937 263 1022 prius
286 937 459 1021 adgressor
482 938 653 1004 custodum
676 937 812 1003 brachia
833 937 930 1003 nodis

101 1021 251 1109 Vinciat,
273 1025 441 1091 etfacilis
463 1026 576 1092 veniat
597 1026 738 1112 direptio
761 1026 924 1111 praedae?

100 1113 249 1199 Quisque
272 1114 354 1180 meis
376 1114 484 1179 aberit
507 1115 665 1180 discretus
689 1114 784 1180 miles
807 1115 849 1179 ab
873 1115 987 1199 armis,

99 1201 221 1268 Hostis
243 1202 279 1268 iu
302 1202 437 1267 adversa
460 1203 749 1268 consistet'fronte
772 1204 881 1269 duelli.
1032 1205 1035 1209 ‘
1069 1220 1121 1268 eac

104 1290 249 1375 Quisque
272 1290 353 1358 meis
377 1290 533 1375 gregibus
556 1291 709 1377 cogendis
732 1292 816 1357 liber
839 1292 982 1375 aberrat,
1014 1293 1018 1300 '

100 1378 248 1445 Dissidet
269 1378 326 1446 ille
349 1379 414 1444 mei
435 1380 563 1465 pecoris
586 1401 646 1464 per
668 1379 762 1445 devia
782 1383 908 1465 pastus.
1007 1415 1011 1420 1

102 1466 168 1533 Sed
192 1468 385 1552 quicumque
407 1467 577 1533 hominum
600 1467 700 1532 fuerit
723 1489 821 1552 super
844 1468 996 1534 omnibns
1020 1489 1138 1551 error,¹

101 1555 238 1621 Dimitti
260 1556 397 1640 poterit3
421 1560 549 1621 tantum
571 1578 613 1621 ne
637 1554 779 1640 Spiritus
797 1560 958 1643 umquam

103 1644 251 1711 Vocibus
274 1644 390 1709 insana
414 1645 577 1710 laceretur
599 1649 708 1710 mente
724 1644 884 1729 profusis.
1026 1683 1029 1690 ν
1069 1660 1121 1711 aaa

104 1731 181 1799 Sive
204 1731 317 1800 furens
339 1733 482 1799 hominis
506 1738 585 1799 nato
609 1733 755 1799 convicia
779 1733 950 1819 quisquam

104 1819 253 1907 Ingeret,
275 1821 355 1888 baec
379 1821 478 1887 etiam
501 1820 657 1907 poterunt
679 1826 815 1907 peccata
836 1820 970 1887 remitti.

105 1906 249 1993 Spiritus
273 1912 307 1975 at
331 1912 462 1976 sanetus
486 1914 615 1976 tautum
639 1912 828 1996 cuicumque
852 1910 989 1995 profana
1025 1911 1029 1918 ’

104 1996 291 2066 Verborum
313 1998 403 2064 rabie
426 1998 617 2083 violabitur,
639 1999 837 2064 irrevocatis

106 2085 283 2171 Suppliciis
305 2108 392 2152 nunc
414 2090 448 2152 et
471 2109 599 2172 semper
620 2086 800 2152 torrebitur
820 2086 917 2173 ignis.
1068 2103 1121 2151 666

105 2172 241 2250 Quando
264 2174 443 2240 veneniferi
467 2176 626 2260 serpentis
650 2197 748 2240 saeva
770 2195 917 2260 propago
960 2177 962 2182 ’

96 2260 301 2342 ,Sermonum
325 2263 412 2328 dulci
433 2265 556 2348 poterit
579 2263 748 2328 mitescere
770 2262 903 2328 fructu?

104 2350 193 2418 Nam
216 2351 304 2417 bona
326 2351 490 2418 thesauris
512 2355 708 2438 promuntur
731 2351 838 2417 dulcia
860 2352 957 2417 iustis

104 2439 152 2504 Et
174 2439 262 2505 mala
285 2440 412 2506 letifero
436 2440 616 2525 procedunt
638 2462 695 2506 ore
718 2462 851 2506 venena.

105 2527 292 2593 Verborum
316 2528 442 2594 meritis
464 2528 573 2594 veniet
596 2529 657 2594 sub
680 2528 784 2594 iudice
806 2550 925 2615 poena,
1069 2544 1121 2595 666

106 2614 293 2682 Verborum
316 2618 440 2682 meritis
465 2618 596 2683 dabitur
620 2618 681 2683 sub
704 2618 809 2683 iudice
831 2618 909 2683 vita.

151 2704 242 2781 Quae
264 2704 395 2792 genitor
416 2705 527 2791 faciet,
550 2706 729 2772 sectabitur
752 2707 862 2771 omnia
884 2707 994 2790 natus,

105 2791 258 2877 Namque
281 2793 366 2858 idem
390 2797 467 2860 nato
491 2794 681 2859 manifestat
704 2798 822 2860 cuneta
843 2793 982 2859 videnda

104 2880 152 2945 Et
174 2882 305 2966 potiora
328 2882 443 2947 dehinc
465 2883 590 2948 tribuet
613 2882 768 2948 miracula
790 2904 908 2948 rerum.

105 2968 200 3035 Sicut
224 2970 310 3036 enim
332 2972 461 3056 genitor
484 2971 655 3037 demortua
678 2993 815 3056 corpora
838 2969 951 3035 reddet
1067 2987 1120 3037 640

95 3056 160 3121 ¹Ad
182 3059 307 3124 claram
329 3059 417 3126 vitae
440 3060 559 3146 lucem,
583 3059 630 3126 sic
654 3061 763 3125 omnia
785 3058 906 3144 Natus,

105 3143 198 3221 Quae
221 3148 325 3232 volet,
348 3148 389 3215 ad
413 3170 547 3234 superos
571 3149 741 3234 surgentia
764 3169 902 3233 corpora
924 3148 1033 3235 ducet,

180 3307 231 3357 612
251 3302 374 3360 diuulsio
390 3304 506 3371 V¹*Hz,
524 3321 593 3361 eras
611 3310 676 3360 onte
693 3303 795 3360 diuisio
814 3303 852 3359 01
865 3305 875 3373 fl
888 3310 940 3360 618
960 3308 990 3361 et
1007 3306 1053 3374 M,
1072 3305 1123 3377 uti}

104 3378 159 3428 ere
177 3379 203 3429 et
221 3380 274 3431 cao
292 3377 364 3431 aas
381 3382 447 3431 root
467 3376 533 3445 0¹11
555 3381 607 3432 aas
626 3382 651 3432 et
669 3382 721 3431 666
744 3392 806 3431 ean
825 3374 941 3430 0¹RM
957 3378 1021 3446 (ens
1039 3378 1120 3431 omis-

102 3460 153 3499 sus
172 3451 232 3500 erat
250 3451 275 3500 ct
292 3447 324 3501 iu
338 3463 424 3517 marp.
434 3448 487 3514 inf.
502 3449 643 3517 suppletus
660 3449 709 3517 eet)
723 3449 733 3517 l
747 3452 798 3501 642
817 3447 913 3501 lumen
928 3446 1121 3513 0¹V¹P¹Ber,

104 3530 225 3584 superos
249 3515 356 3585 (lumen
378 3519 446 3574 mibi
468 3523 545 3574 vdua
566 3520 657 3589 abero
679 3533 790 3575 evasa
806 3518 929 3587 accord.
948 3519 986 3572 ad
1005 3533 1121 3587 superos

160 3614 286 3657 Iuvencus.
945 3611 962 3657 4
