2600 3934
519 130 552 186 V.
571 136 721 185 496-562.
1078 129 1119 192 21

103 277 241 343 Erroris
265 298 398 342 causam
419 279 566 359 praestat
589 275 734 340 decidere
757 275 858 357 ferre,

11 384 13 387 ·
105 365 216 442 Quam
239 368 347 430 totum
370 364 511 428 aeternis
534 385 651 448 corpus
676 363 849 428 concedere
871 362 1022 426 flammis.
1068 377 1121 426 530

153 453 367 537 Praecipiunt
389 455 529 536 vetereS,
552 453 581 516 si
605 453 677 536 quis
701 452 839 517 conubia
861 453 997 535 rumpit,

105 541 258 608 Scribere
281 540 465 624 discidium,
488 541 569 606 iuris
591 540 707 605 feralia
730 541 838 605 rerba.

106 630 188 697 Sola
211 629 274 695 viri
296 633 383 695 recte
407 629 551 694 discedat
574 629 722 694 adultera
744 624 856 709 tecti,

105 720 173 784 Ast
197 719 281 784 aliae
303 721 469 801 maneant,
491 739 568 782 nam
591 717 673 781 casti
695 718 766 781 iura
789 716 922 799 pudoris

107 809 255 873 Auctore
279 807 404 870 emittit
426 806 543 870 mulier
565 806 694 870 deserta
716 804 844 869 marito.
1070 818 1122 867 535

154 896 322 979 Antiquae
344 895 434 980 leges
456 894 630 977 prohibent
653 893 796 978 periuria
818 892 954 977 linguis,

109 983 175 1049 Sed
196 983 319 1048 nostris
344 983 437 1048 cedat
459 983 587 1047 iurandi
610 982 745 1047 audacia
767 981 875 1046 iussis.

108 1072 182 1138 Nee
203 1072 255 1137 fas
279 1075 330 1136 est
350 1071 477 1135 homini
499 1071 624 1136 caelum
646 1071 754 1134 iurare
777 1091 835 1153 per
859 1069 976 1153 altum,

110 1161 206 1238 Quod
230 1160 322 1225 sedes
345 1159 492 1243 Domini,
514 1180 573 1224 neo
597 1180 679 1243 quae
701 1159 843 1244 vestigia
866 1160 976 1243 gestat

110 1250 215 1314 Terra
237 1248 311 1331 Dei,
335 1246 526 1332 Solymaeve
549 1247 640 1312 urbis
662 1246 847 1311 venerabile
869 1267 1002 1327 nomen,
1070 1260 1122 1308 540

111 1337 207 1414 Quod
229 1336 317 1422 regis
340 1336 452 1422 magni
474 1335 607 1420 propria
630 1338 693 1419 est,
716 1334 876 1400 iurabitur
897 1355 1061 1417 umquam.

110 1425 183 1491 Nec
207 1428 304 1509 caput
326 1425 361 1489 in
384 1425 552 1508 proprium
575 1423 727 1508 cuiquam
750 1424 855 1487 iurare
878 1422 1002 1506 licebit,

110 1513 264 1598 Namque
286 1516 484 1596 potestatem
509 1512 635 1576 minimi
656 1534 722 1576 non
745 1533 815 1576 5555
839 1510 951 1595 capilli

111 1601 269 1686 Oernitis,
292 1602 443 1667 albumve
466 1605 523 1666 aut
543 1600 677 1687 nigrum
699 1603 826 1665 mutare
849 1600 998 1664 colorem.

110 1690 176 1757 Est
198 1695 249 1755 est
272 1690 426 1769 sufficiat,
449 1689 534 1773 quod
556 1710 622 1753 non
646 1692 696 1752 est
720 1688 830 1753 dicite:
852 1709 918 1752 non
941 1690 1000 1751 est.
1073 1701 1124 1750 545

113 1779 210 1856 Quod
234 1782 382 1864 superest
402 1778 490 1862 istis,
513 1780 621 1842 totum
643 1776 807 1842 fallaciter
830 1797 928 1862 aegro

112 1867 277 1954 suggeret
300 1866 474 1949 obreptans
499 1866 607 1930 animo
630 1865 680 1930 vis
703 1868 790 1929 tetra
811 1864 936 1929 veneni.

157 1954 359 2041 Pervnlgsta
381 1954 542 2038 dialogis
565 1956 739 2038 praecepta
762 1953 893 2037 tenetis,

111 2044 310 2110 Laedentem
334 2064 461 2127 semper
484 2042 601 2107 similis
624 2042 768 2106 vindicta
791 2045 958 2125 sequatur3

112 2131 176 2198 Sed
198 2131 378 2216 tranquilla
401 2132 524 2196 malum
548 2131 665 2195 melius
688 2129 848 2214 patientie
870 2129 992 2214 vincet,
1072 2145 1125 2194 555

21 2288 30 2301 ,
113 2221 163 2286 Α5
186 2221 214 2286 5ἰ
237 2220 311 2306 quis
333 2224 460 2305 partem
483 2220 594 2304 palma
615 2220 813 2303 percusserit
835 2218 914 2302 oria,

112 2308 191 2374 Mox
215 2309 315 2374 aliam
337 2309 448 2375 vultus
471 2312 598 2392 partem
621 2308 776 2392 praebere
800 2310 972 2372 memento.

113 2398 252 2463 Auferet
274 2401 332 2462 sut
352 2398 497 2462 tunicam
522 2397 550 2461 si
572 2395 644 2480 quis
668 2396 701 2461 vi
723 2395 837 2460 iudicis
860 2395 1000 2476 instans,

114 2484 200 2551 Cede
222 2486 328 2551 libens
351 2485 537 2569 pariterque
559 2483 645 2549 ferat
668 2489 726 2550 tua
748 2484 851 2568 pallia
874 2505 991 2549 secum.

160 2574 194 2639 si
216 2578 251 2639 te
273 2575 359 2639 forte
383 2574 502 2658 aliquis
525 2594 641 2658 passus
665 2594 724 2658 per
746 2572 836 2637 mille
859 2573 985 2638 iubebit
1073 2587 1124 2636 555

114 2662 167 2727 Ire
190 2663 278 2727 riam
300 2662 489 2748 gravidique
513 2661 620 2726 oneris
642 2660 787 2746 perferre
810 2661 971 2744 laborem,

115 2750 193 2815 Mox
214 2771 330 2836 perges
355 2750 507 2835 aliudque
530 2750 628 2814 iteris
645 2749 843 2815 comitabere
867 2749 1009 2834 duplum.

162 2839 291 2923 siquis
315 2860 414 2925 egens
436 2842 549 2923 poscet
570 2839 622 2903 vel
647 2839 675 2903 si
698 2837 866 2903 simulabit
889 2841 1050 2922 egentem,

114 2927 166 2991 Ex
191 2928 299 2992 animo
322 2929 480 2992 miserens
504 2926 638 3012 largire}
662 2930 719 2991 ant
740 2930 854 2990 mutua
878 2925 1001 3010 siquis

116 3015 244 3101 Orabit,
265 3015 386 3099 tribue,
410 3019 443 3081 et
464 3014 577 3079 mitem
599 3036 641 3078 ne
665 3014 819 3079 subtrahe
842 3014 979 3079 vultum.
1073 3030 1126 3078 555

159 3102 229 3169 Ν55
250 3103 312 3168 tibi
335 3104 379 3168 sit
401 3104 570 3188 placitum,
595 3102 674 3168 solis
697 3124 881 3168 succurrere
905 3102 1017 3167 amicis

116 3191 184 3258 Aut
206 3192 310 3258 caecis
333 3192 416 3257 odiis
440 3192 587 3257 inimicos
611 3191 727 3257 ducere
749 3191 875 3277 dignos.

173 3335 239 3411 ⁶tlt
261 3329 400 3412 Suggeret
419 3329 496 3413 ΟῘῙΒ,
517 3328 649 3401 suggerit
662 3332 672 3399 ΙΙ
686 3335 737 3384 553
755 3329 873 3384 Auferet
892 3329 973 3409 01151,
991 3328 1127 3397 Anfemttl

117 3407 361 3526 ppdmgparemque
379 3403 459 3456 rterrs
479 3399 514 3454 0¹
533 3403 716 3471 (repcpaontc
732 3403 826 3470 maro)
839 3402 849 3470 fl
863 3405 915 3455 558
934 3418 958 3453 cr
978 3397 1127 3466 0¹RM**,
