2600 3934
194 188 237 253 66
611 184 786 240 0000000.

195 332 390 416 Conveniat3
412 332 499 397 trino
523 336 635 396 tamen
657 330 711 396 hic
733 330 877 395 tentoria
899 330 1006 414 vobis,

198 421 234 487 Si
257 422 382 504 iubeas,
405 419 529 485 frondis
552 420 672 485 faciam
696 420 823 484 diversa
845 421 977 503 paratu,

195 509 333 596 Singula
357 509 417 573 sub
439 513 569 574 noctem
592 530 676 592 quae
698 529 756 573 vos
781 508 896 572 aulaea
918 508 1112 592 receptent.“

194 598 288 663 Talia
311 597 386 662 dum
410 596 568 682 loquitur,
593 596 683 662 caelo
705 595 912 682 praefulgida
933 596 1036 660 nubes
1155 614 1204 663 330

84 708 91 719 ·
194 687 411 754 Circumiecta
435 686 538 750 oculis
561 685 705 751 vestibat
727 685 849 749 lumine
871 688 1030 769 montem,

192 776 240 841 Et
261 797 325 840 vox
349 773 496 839 emedio
520 774 601 839 lucis
625 773 800 838 manifesta
823 773 977 838 cucurrit:

191 863 332 950 „Unicus
356 862 524 927 1010000000
547 865 597 927 001
619 865 732 944 natus,
754 883 827 926 mea
850 861 923 927 sola
945 861 1113 945 voluntas3

190 952 297 1017 Huius
321 950 482 1016 iustitiam
504 950 592 1015 iusto
616 950 838 1034 comprendite
862 950 984 1015 corde.“

190 1040 352 1124 Discipuli
375 1039 492 1122 pavido
515 1042 706 1123 presserunt
728 1060 862 1121 corpore
885 1041 1022 1120 terram,
1155 1054 1203 1103 000

190 1128 259 1195 Nec
282 1128 372 1212 prius
397 1150 414 1192 e
438 1149 541 1212 prono
565 1128 675 1192 vultus
699 1127 871 1192 sustollere
895 1148 971 1191 casu

189 1217 376 1300 Audebunt,
400 1219 514 1282 sancto
539 1214 662 1281 Christi
685 1216 748 1281 nisi
772 1215 905 1279 dextera
927 1218 1019 1278 tactu

189 1305 386 1371 Demulcens
409 1304 539 1369 blandis
562 1305 727 1369 firmasset
748 1306 881 1388 pectora
903 1303 1025 1368 verbis:

189 1392 343 1479 „Surgite
367 1396 400 1457 et
424 1393 586 1458 abiectum
608 1392 710 1458 fortes
735 1393 856 1457 calcate
879 1392 1032 1457 timorem
1275 1421 1276 1492 p

191 1481 260 1548 Nee
284 1481 434 1566 cuiquam
457 1503 612 1565 praesens
635 1481 797 1566 pandatur
819 1480 901 1546 visio
924 1480 1047 1564 rethia,
1155 1497 1205 1546 340
1275 1497 1276 1542 l

190 1569 236 1635 Ni
258 1571 348 1655 prius
372 1570 435 1635 huc
458 1570 601 1635 hominis
625 1571 755 1635 suboles
779 1570 925 1652 speciosa
947 1572 1094 1653 reportet

190 1659 230 1723 In
252 1660 357 1724 lucem
380 1659 523 1732 referens
547 1660 663 1724 mortis
687 1658 725 1723 de
750 1659 824 1723 sede
847 1658 1010 1743 tropaea“

190 1746 398 1832 Consurgunt
421 1748 592 1831 solumque
615 1747 726 1812 vident
749 1750 782 1810 et
805 1769 884 1812 0000
906 1746 1089 1832 requirunt,

190 1834 255 1901 Cur
279 1835 410 1920 seriptis
433 1838 582 1900 veterum
606 1835 785 1901 scribarum
807 1834 908 1900 factio
932 1839 1049 1920 certet,

188 1923 318 1988 Heliam
341 1924 483 2008 primum
508 1924 589 1988 caeli
612 1924 651 1988 de
675 1925 749 1988 sede
768 1923 888 1988 reverti
1153 1941 1202 1990 345

177 2010 355 2089 ,1001000000
380 2011 568 2096 Christique
592 2011 707 2077 dehinc
730 2033 926 2099 consurgere
950 2012 1065 2079 lucem.

188 2099 340 2165 Christus
364 2101 405 2165 ad
428 2101 522 2166 haec:
545 2099 683 2186 „Veniet
705 2104 794 2165 certo
819 2102 879 2166 sub
902 2104 1050 2186 tempore
1073 2101 1181 2166 iussus

187 2187 303 2254 Helias
327 2190 463 2254 reddens
487 2210 563 2255 mox
587 2190 697 2255 omnia
720 2189 830 2254 debita
854 2190 970 2256 saeclo.

188 2275 251 2343 Sed
276 2278 304 2341 si
327 2279 399 2362 quis
423 2278 537 2361 eredit,
562 2280 627 2342 iam
652 2282 785 2344 venerat
808 2284 883 2343 ante
906 2299 1092 2363 renascens,

187 2364 343 2451 ignotum
367 2367 469 2430 veluti
491 2367 599 2431 rabies
623 2389 720 2451 quem
745 2388 840 2432 caeca
862 2366 982 2431 furoris
1151 2384 1202 2433 300
1275 2387 1276 2424 l

186 2451 352 2518 Demersit
375 2454 456 2539 let03
478 2478 555 2520 mox
579 2456 706 2520 saevior
730 2455 834 2520 altera
857 2456 970 2520 caedes
1012 2472 1016 2478 ·

148 2539 152 2547 '
188 2540 239 2606 En
263 2541 405 2606 hominis
428 2546 507 2608 nato
530 2543 677 2608 trucibus
700 2544 876 2608 laniatibus
898 2542 1029 2607 instat“
1275 2621 1276 2626 γ

235 2628 325 2696 Ηο00
349 2630 396 2695 ait
419 2633 452 2695 et
474 2632 632 2716 populum
656 2632 776 2715 repetit
799 2636 1007 2716 montemque
1030 2633 1194 2718 relinquit.
1275 2629 1276 2682 ἶ

185 2718 270 2784 Ecce
295 2719 352 2784 sed
375 2719 502 2784 inflexis
525 2720 663 2805 genibus
686 2720 827 2803 fletuque
851 2720 976 2785 solutus
1275 2711 1276 2740 ¹

184 2806 246 2873 Vir
269 2810 379 2874 senior
401 2809 551 2893 precibus
575 2807 744 2873 Christum
767 2812 940 2873 veneratus
965 2808 1095 2873 adorat:
1149 2824 1201 2874 000

188 2961 191 2968 ’
266 2971 319 3020 327
340 2966 413 3020 trino
435 2965 469 3020 01
481 2966 546 3021 Mat
560 2965 679 3022 V¹AT*
693 2968 703 3035 l
716 2970 766 3020 331
791 2964 944 3038 vestillllbat
965 2964 1033 3020 MR
1046 2966 1056 3034 l
1070 2971 1123 3019 333
1142 2965 1203 3019 sola

185 3034 270 3102 CM,
292 3038 595 3105 000001133901040
613 3053 663 3091 suo
682 3037 739 3092 1000
758 3038 856 3091 desecat
873 3043 898 3092 01
915 3039 947 3092 iu
964 3054 1050 3106 marp.
1070 3036 1201 3103 inferiore
1275 3037 1276 3044 ’

181 3107 467 3232 000000
484 3180 740 3234 u„
757 3108 1200 3248 0000000000

177 3253 243 3316 poe
266 3250 321 3302 339
340 3246 393 3316 Mp
405 3218 542 3302 V¹i³An
560 3195 630 3318 (iim
649 3251 691 3318 ee)
710 3195 787 3318 3⁹6³,
806 3254 943 3319 postera
962 3196 1051 3317 Arei,
1074 3251 1147 3306 aar
1166 3221 1201 3305 0ἰ

180 3317 426 3390 MatV²T*sy*,·
444 3334 510 3375 uera
529 3320 642 3388 spurius
660 3338 679 3375 a
698 3322 786 3388 Beda,
804 3320 925 3376 Retraet.
943 3323 976 3375 iu
993 3321 1056 3377 Aet.
1074 3322 1132 3391 Ap.
1147 3319 1202 3375 IX

180 3394 216 3442 11
235 3394 260 3443 et
283 3394 322 3445 12
345 3393 485 3457 tamquam
506 3391 644 3470 patuinus
663 3392 781 3447 quenci
799 3393 935 3461 utleputur
952 3394 1006 3447 sic:
1038 3391 1200 3448 Horomatis

180 3457 261 3511 huius
286 3459 413 3526 expertes
436 3456 546 3513 reddite
570 3463 684 3516 cunctos
707 3468 732 3516 et
754 3465 793 3517 sic
816 3464 915 3531 lepitur
940 3465 971 3518 100
989 3464 1129 3520 codicibus
1148 3465 1200 3518 Iu·

180 3527 258 3580 000001
275 3527 413 3583 Η10101011
426 3530 435 3597 l
450 3533 502 3583 847
520 3528 613 3584 iussus
633 3529 675 3599 0¹,
695 3533 785 3586 iustus
936 3528 939 3532 ’
