2600 3934
160 104 202 174 72
576 104 687 160 uranu
705 104 753 160 111.

161 252 245 319 Tum
269 252 316 318 sic
339 250 507 335 discipulis
529 248 617 316 vitae
640 269 714 335 spes
737 249 832 316 unica
854 248 957 316 fatur:

160 340 326 428 „Difficile
350 344 400 405 est
423 338 519 404 terris
543 338 667 403 adfixos
690 337 791 403 divite
814 359 896 426 gaza

159 429 270 495 Arelli
293 428 438 513 caelique
462 428 550 493 leves
572 426 608 491 in
629 446 732 512 regua
754 428 874 494 venire.

160 518 248 584 Nam
271 517 368 583 citius
391 515 500 581 tenuis
522 536 581 600 per
604 535 682 579 acus
705 515 844 581 transire
867 515 1017 583 foramen

160 604 325 673 Deformis
348 608 504 690 poterunt
525 602 684 669 immania
706 604 854 670 membra
876 605 1008 689 cameli,
1127 622 1181 673 525

160 694 280 773 Quam*
290 697 390 779 queat
411 697 448 758 ut
471 689 560 758 dives
585 692 741 758 caelestia
763 712 865 778 regna
886 693 1025 764 ridere.“

104 850 111 872 Ι
159 783 294 849 Talibus
319 782 453 848 attoniti
475 782 610 847 comites
633 780 821 867 stupidique
844 782 998 867 silebant,

159 872 339 938 Volventes
362 892 445 955 quae
467 872 563 936 tanta
584 868 672 934 foret
695 870 756 935 sub
778 874 910 954 pectore
932 871 1036 937 virtus

160 960 327 1045 Humano,
349 959 451 1026 talem
474 958 581 1044 possit
603 979 686 1042 quae
708 957 867 1043 prendere
889 958 1002 1025 vitam.

33 1113 40 1121 .
158 1049 306 1135 Respicit
329 1053 480 1113 aeternae
503 1048 665 1111 iustorum
688 1046 795 1131 gloria
817 1047 904 1112 vitae
1124 1066 1179 1117 530
1282 1029 1283 1070 l

158 1138 268 1222 Atque
292 1136 352 1202 ait:
375 1135 488 1221 „Haec
510 1134 636 1200 homini
658 1132 771 1201 forsan
793 1136 964 1203 videantur
987 1138 1121 1222 acerba,

159 1224 222 1291 Sed
246 1224 333 1291 Deus
357 1226 469 1291 electis
490 1222 621 1289 facilem
643 1224 839 1309 praepandit
860 1225 896 1290 in
919 1226 1033 1290 aethra

160 1313 418 1398 Possibilemque
440 1312 542 1396 viam,
564 1311 671 1378 virtus
695 1333 794 1396 quam
817 1314 903 1379 celsa
925 1315 1104 1399 capessat.“

203 1402 287 1468 Tum
310 1400 429 1466 Petrus
451 1400 527 1465 fidei
550 1402 695 1466 munitus
718 1401 888 1467 moenibus
911 1403 996 1467 infit:

159 1489 298 1579 „Omnia
318 1494 509 1558 nostrorum
531 1489 678 1574 proiecta
699 1489 891 1575 reliquimus
915 1491 1007 1577 olim,
1124 1509 1176 1559 535

159 1579 207 1646 Et
229 1581 288 1644 tua
309 1579 399 1645 iussa
422 1578 515 1663 sequi
536 1578 632 1643 nobis
656 1599 730 1663 spes
753 1578 849 1645 unica
872 1584 985 1646 restat.

160 1665 245 1743 Quid
258 1666 382 1732 nostris
396 1666 514 1732 animis
529 1667 699 1753 superest?
731 1665 807 1750 Dic,
821 1665 963 1753 Christe,
976 1670 1176 1753 precamur.“

159 1756 295 1822 Talibus
319 1755 360 1820 ad
382 1754 517 1820 Petrum
539 1755 649 1821 verbis
673 1755 843 1841 respondit
864 1755 970 1823 Iesus:

157 1844 247 1929 „Vos
271 1845 465 1929 quicumque
488 1864 596 1912 meum
618 1844 738 1910 mentis
761 1843 984 1930 penetralibus
1007 1847 1085 1912 altis

160 1932 337 2000 Credentes
361 1931 498 1999 servatis
521 1931 592 2016 iter,
615 1954 689 1998 cum
712 1932 833 2000 sederit
855 1934 922 1999 alte
1123 1952 1176 2004 540

159 2021 336 2108 Progenies
357 2020 515 2105 hominis,
538 2021 625 2086 celso
649 2042 747 2105 quern
769 2022 880 2107 cinget
901 2022 1025 2091 honore

160 2110 333 2195 Maiestas,
355 2110 407 2176 bis
431 2131 487 2175 sex
509 2108 579 2174 illic
601 2109 822 2194 pulcherrima
844 2111 948 2177 virtus

159 2196 347 2265 Constituet
368 2198 461 2264 vobis
485 2196 617 2263 sublimi
640 2198 676 2263 in
699 2199 819 2265 vertice
842 2199 948 2285 sedes,

158 2286 383 2372 Iudiciumque
405 2286 574 2352 hominum
597 2286 722 2371 pariter
745 2291 888 2353 tractare
911 2288 1030 2357 licebit.

157 2375 222 2441 Hic
245 2376 438 2460 quicumque
461 2374 511 2440 sui
535 2374 661 2459 linquet
684 2376 876 2461 generisque
899 2376 1077 2464 domusque
1122 2396 1176 2446 555

160 2463 264 2530 Gazas
289 2462 499 2547 adfectusque
522 2484 634 2528 omnes
658 2485 718 2549 pro
741 2464 872 2531 nomine
894 2471 1022 2550 nostro,

159 2550 377 2638 Oentiplieats
399 2551 515 2617 dehinc
538 2550 645 2636 oapiet
669 2552 833 2638 vitamque
856 2575 1040 2639 perennem.

158 2641 343 2708 Primorum
367 2641 519 2705 meritum
542 2640 700 2725 postremi
722 2643 1013 2728 transgredientur,

158 2729 286 2797 Ultima
308 2729 479 2813 praeteriti
502 2728 632 2813 capient
654 2729 709 2794 vix
731 2732 877 2816 praemia
899 2732 1024 2826 primi“

204 2816 369 2903 „Sedulus
392 2820 430 2883 ut
452 2817 538 2883 ruris
562 2817 726 2903 dominus,
749 2818 801 2884 oui
824 2819 931 2886 dulcia
953 2821 1089 2887 fundum
1123 2838 1176 2889 550

158 2907 340 2992 Pinguibus
363 2906 399 2971 in
420 2906 545 2991 eampis
568 2907 636 2971 late
657 2906 768 2972 vineta
790 2912 961 2994 coronant3
1220 2925 1223 2930 ’

159 2994 223 3059 Hic
245 2994 303 3059 ubi
325 3016 518 3079 progressus
542 2995 648 3079 primo
672 3017 745 3061 oum
768 2996 891 3061 lumine
915 2998 1007 3081 solis,

159 3080 324 3150 Conduxit
346 3083 497 3149 iuvenum
520 3082 703 3156 fortissima
724 3084 844 3151 robora
867 3091 981 3171 paetus

19 3229 21 3238 ,
162 3169 264 3236 Unius
287 3171 322 3236 in
344 3171 426 3237 lucis
449 3175 540 3238 certa
560 3172 707 3237 mercede
729 3172 889 3259 laborem,

19 3275 21 3346 ᾗ
158 3257 205 3325 Et
228 3281 288 3325 sua
309 3265 381 3325 tum
402 3261 499 3325 iussit
522 3260 614 3325 cultu
636 3261 747 3325 vineta
769 3261 883 3345 polire.
1122 3280 1173 3331 555

230 3454 283 3503 tor
300 3449 429 3503 laborum
449 3450 485 3501 M
492 3448 584 3503 ΒΑΕ
