2600 3934
519 151 553 208 V.
574 157 724 209 see-tet.
1064 153 1128 219 103

109 297 138 364 Ε
165 297 278 362 mortis
302 317 372 361 sese
394 296 537 362 tenebris
561 296 602 362 ad
624 297 748 363 lumina
771 297 858 364 vitae

110 383 194 451 Cum
217 386 304 451 trino
329 384 409 450 solis
432 385 556 471 puriter
578 406 724 451 remeare
745 408 887 452 recursu.

108 472 184 541 Hoc
206 474 362 559 petimus,
385 479 494 540 custos
518 474 611 539 miles
634 496 721 540 nora
742 474 858 542 funera
882 481 1001 560 servet,
1074 491 1126 543 736

109 560 162 628 Ne
184 561 255 628 fera
278 561 445 646 discipulis
469 561 599 628 furandi
621 562 758 629 audacia
781 585 898 648 corpus

109 648 301 739 Cousurgat
322 650 497 736 turbetque
519 671 632 716 recens
656 651 784 717 insania
805 653 962 753 plqbem.“

107 738 157 805 Et
178 738 307 805 Pilatus
332 738 373 804 ad
395 737 487 805 haec:
511 736 629 824 „Miles
652 739 865 824 permittitur,
887 741 1007 826 iuquit,

109 826 263 911 Servare,
287 831 324 893 ut
345 827 460 911 vultis,
483 848 601 913 corpus
624 827 744 893 tellure
767 828 960 914 sepultum.“

108 914 318 982 Conveniunt
339 916 471 1001 saxique
494 915 643 1002 iugentia
665 916 811 1001 pondere
833 918 983 1000 volvrmt,
1073 935 1125 984 746

109 1003 156 1071 nt
177 1004 279 1070 limen
302 1003 405 1090 signis
430 1009 463 1069 et
484 1025 599 1070 saxum
622 1005 727 1071 milite
750 1010 890 1071 servant.
1116 1029 1119 1036 ¹

155 1091 269 1159 Sidera
291 1094 357 1158 iam
379 1093 486 1159 noctis
508 1096 645 1158 venture
670 1093 782 1160 cedere
805 1095 868 1159 soli

107 1181 287 1266 Incipiunt,
310 1182 429 1246 tumuli
451 1184 574 1248 matres
596 1185 669 1247 tum
692 1182 796 1247 visere
819 1186 970 1269 saeptum

109 1268 328 1349 Concurrunt,
351 1273 461 1336 motus
484 1270 542 1335 sed
564 1274 687 1336 terrem
708 1271 859 1354 protinus
883 1293 1011 1337 omnem

108 1357 267 1425 Concutit
290 1361 323 1423 et
346 1359 436 1424 caelo
461 1357 573 1444 lapsus
596 1358 762 1425 deseendit
786 1363 901 1445 aperto
1072 1377 1123 1427 746

107 1446 253 1513 Nuntius
277 1450 310 1512 et
333 1469 448 1513 sexum
470 1446 591 1512 tumuli
613 1447 653 1513 de
674 1447 787 1513 limine
809 1448 919 1513 volvit.

107 1534 201 1601 Illius
225 1538 259 1601 et
281 1534 381 1601 facies
405 1536 556 1619 splendet
579 1557 637 1602 ceu
658 1535 799 1621 fulguris
822 1537 923 1623 ignis,

106 1624 155 1690 Et
176 1624 261 1690 nivis
286 1624 326 1689 ed
349 1624 490 1710 speciem
512 1625 623 1691 lucent
644 1623 809 1690 velamina
831 1626 941 1692 vestis.

106 1712 270 1779 Militibus
292 1716 398 1778 terror
421 1734 553 1778 sensum
575 1712 770 1779 discluserat
792 1735 920 1780 omnem

106 1800 154 1866 ut
175 1801 300 1867 iacuere
324 1801 421 1866 simul
445 1823 503 1867 ceu
525 1801 600 1867 fusa
622 1801 779 1867 cadavera
802 1801 878 1867 leto.
1072 1819 1124 1870 766

106 1889 170 1955 1117
194 1889 251 1955 sed
273 1889 314 1955 ad
336 1893 458 1955 matres
480 1889 542 1955 tali
565 1910 639 1955 oum
661 1912 740 1971 voce
761 1891 927 1975 profatur:

105 1977 249 2063 „Vestra
270 1998 374 2063 paror
395 1978 506 2044 nullus
529 1978 680 2063 quatiens
703 2000 788 2045 nunc
811 1979 909 2044 corda
931 1979 1064 2066 fatiget3

106 2065 195 2133 Nam
217 2066 393 2133 manifesta
414 2067 508 2152 fides,
531 2070 680 2133 sanetum
704 2088 761 2133 vos
785 2089 939 2152 quaerere
963 2089 1092 2154 corpus,

109 2154 203 2232 Quod
226 2155 331 2222 crucis
353 2156 389 2220 iu
410 2155 503 2242 liguo
527 2157 686 2221 scelerate
708 2156 836 2221 insania
859 2156 940 2221 fixit.

108 2242 255 2311 Surrexit
278 2241 428 2310 Christus
452 2247 647 2329 aeternaque
671 2244 796 2310 lumina
818 2244 904 2310 vitae
1071 2261 1122 2313 775

109 2329 255 2418 Corpore
278 2354 352 2398 cum
374 2336 488 2398 sancto
511 2332 639 2398 devicta
660 2336 766 2399 morte
789 2333 920 2418 recepit.

107 2420 223 2486 Visere
244 2421 312 2486 iam
334 2421 429 2487 vobis
452 2421 581 2487 licitum
604 2425 668 2505 est,
690 2421 777 2506 quod
799 2420 874 2486 sede
897 2421 1037 2505 sepulcri

107 2509 209 2576 Nulla
231 2509 306 2576 istic
328 2510 470 2593 iaceant,
492 2509 624 2575 fuerent
648 2531 731 2594 quae
754 2510 886 2576 condita
908 2511 1064 2578 membra.

107 2597 216 2664 Dicite
238 2601 407 2683 praeterea
429 2597 526 2664 celeri
548 2619 752 2684 properoque
775 2620 908 2665 recursu

107 2685 299 2771 Discipulis,
323 2684 490 2753 Christum
512 2708 677 2753 remeasse
699 2687 735 2751 iu
756 2687 889 2753 luminis
913 2707 1001 2770 oras,
1069 2703 1121 2754 766

107 2774 211 2859 Inque
235 2773 418 2841 Galilaeam
440 2776 564 2840 laetum
585 2775 778 2859 praecedere
800 2773 949 2841 terram.“

107 2862 169 2928 His
193 2863 288 2930 dictis
310 2864 454 2949 visisque
477 2863 602 2929 animos
625 2862 813 2948 perfuderat
834 2863 951 2928 'ardens

107 2951 253 3017 Laetitia
275 2952 426 3018 attonitis
450 2955 565 3038 stupor
589 2952 786 3038 ancipitique
809 2972 939 3037 parcre.

106 3038 257 3124 Denique
279 3041 453 3126 praecipiti
475 3041 675 3107 celebrantes
700 3041 820 3128 gaudia
842 3061 939 3106 cursu

107 3128 202 3193 Talia
226 3128 393 3213 discipulis
416 3129 564 3194 referunt
586 3131 812 3215 tumulumque
834 3129 1031 3212 relinquunt.
1070 3142 1121 3195 766

108 3215 193 3283 Ecce
216 3217 307 3283 iteris
331 3216 437 3284 medio
462 3217 568 3283 clarus
592 3241 626 3284 se
651 3218 795 3285 ostendit
815 3216 908 3284 Iesus

106 3303 153 3370 Et
174 3304 258 3371 fidas
281 3308 404 3372 matres
426 3305 565 3372 blandus
590 3308 716 3373 salvere
739 3307 881 3373 iubebat.

179 3432 230 3483 737
248 3427 311 3483 Hoc
329 3426 358 3482 R
377 3427 442 3497 (dio.
460 3443 512 3484 scr.
532 3426 608 3554 Sedp⁷
616 3427 695 3492 Mat,
714 3426 858 3498 87711749
878 3427 1047 3483 discusserat
1066 3427 1121 3499 ΜΗ

107 3502 160 3554 764
179 3498 303 3555 celantes
321 3498 396 3566 Mat,
415 3496 570 3554 celerantes
610 3496 709 3552 ¹⁴13*
722 3499 733 3568 ΙΙ
747 3502 798 3555 767
807 3497 912 3554 blande
926 3497 1039 3567 Bw,
1048 3499 1121 3556 deest
