2600 3934
458 930 616 1007 LIBER
647 928 904 1022 QUARTUS.

220 1210 315 1275 Talia
338 1210 497 1276 dicentem
520 1212 690 1277 confestim
713 1209 815 1275 factio
838 1209 989 1275 frendens

176 1299 350 1383 Temptare
374 1299 563 1386 adgreditur
585 1299 693 1365 verbis
718 1322 791 1365 cum
814 1298 927 1364 fraude
951 1296 1118 1383 malignis:

174 1387 327 1473 „Certum
352 1393 415 1473 est,
438 1389 615 1455 veridicum
639 1393 672 1453 te
694 1411 781 1454 nunc
803 1388 932 1453 venisse
955 1388 1165 1471 magistrum,

175 1476 245 1541 Nec
268 1499 461 1562 quemquam
484 1483 633 1543 metuens
658 1477 790 1542 Domini
813 1476 953 1561 vestigia
977 1496 1097 1539 servas.

174 1564 237 1630 Dic
260 1587 352 1651 ergo,
376 1589 419 1632 an
441 1567 539 1632 liceat
560 1569 693 1632 nostrae
716 1566 892 1631 dissolvere
916 1562 1009 1651 genti
1174 1578 1190 1628 5

176 1652 326 1719 Caesaris
349 1656 496 1741 urgentis
521 1677 649 1740 semper
672 1655 733 1720 sub
756 1656 829 1740 lege
850 1650 1059 1718 tributum?“

176 1742 239 1807 Ille
263 1743 319 1808 sed
342 1743 517 1828 inspiciens
542 1746 631 1809 saevi
654 1743 836 1829 penetralia
858 1740 979 1807 cordis:

175 1830 260 1914 „Cur
282 1832 467 1917 temptatis,
491 1832 551 1914 ait,
573 1854 660 1897 nunc
682 1854 735 1897 me
758 1830 948 1897 concludere
971 1829 1095 1914 verbis,

178 1919 348 1985 Fallaces?
370 1921 491 1985 mentis
515 1922 626 2005 prodit
647 1920 778 1986 fallacia
799 1919 951 1986 fructum.

177 2007 332 2093 Inspicite
355 2009 390 2072 iu
412 2031 580 2074 nummum
605 2009 788 2095 sculptique
810 2009 1017 2075 nomismatis
1041 2031 1131 2087 aera,
1159 2023 1190 2072 10

178 2094 328 2162 Caesaris
352 2118 539 2181 expressum
562 2098 657 2163 facile
681 2102 731 2162 est
752 2096 809 2162 ubi
831 2120 962 2163 cernere
984 2100 1120 2164 vultum.

178 2182 302 2251 Solvite
324 2207 410 2252 nunc
433 2187 482 2251 illi
504 2188 638 2272 propria
661 2188 721 2252 sub
745 2186 818 2272 lege
842 2186 1017 2270 tributum,

178 2273 288 2358 Atque
312 2274 381 2340 Deo
404 2276 574 2360 proprium
597 2276 682 2362 legis
706 2297 871 2340 servemus
893 2274 1081 2341 honorem.“

222 2361 303 2428 Post
326 2362 504 2429 Sadducaei
527 2364 702 2429 hincinde
724 2363 899 2428 latratibus
921 2368 1054 2449 urgent:

177 2448 349 2535 „Moysea,
372 2452 426 2536 qui
450 2454 562 2537 legum
585 2453 696 2537 posuit
718 2454 907 2537 praecepta,
929 2452 1055 2537 iubere,
1160 2465 1190 2514 15
1274 2455 1275 2460 ’

179 2538 214 2603 Si
238 2540 311 2624 quis
334 2540 509 2605 conubium
532 2545 709 2627 properata
732 2543 839 2605 morte
862 2540 1036 2624 relinquet,

177 2627 374 2714 Pignoribus
398 2629 513 2695 mediis
536 2630 681 2696 nondum
705 2630 743 2694 de
767 2629 913 2713 germine
937 2629 1048 2708 cretis,

178 2715 284 2782 Huius
308 2739 462 2803 germano
486 2742 599 2785 rursus
624 2719 778 2785 sociabile
801 2718 944 2783 vinclum

178 2805 312 2891 Deberi,
336 2809 464 2893 generis
487 2812 601 2894 pereat
623 2830 664 2873 ne
686 2807 794 2892 portio
818 2806 913 2890 lapsi.

180 2893 315 2960 Finibus
338 2896 374 2959 in
396 2898 517 2962 nostris
541 2901 667 2981 septem
690 2917 847 2981 germana
869 2895 1002 2959 fuerunt
1158 2909 1190 2958 20

181 2981 340 3068 (lorpora3
363 2985 419 3048 sed
442 2986 547 3051 maior
569 2986 694 3070 primus
718 3007 795 3050 mox
817 2983 948 3049 vincula
971 2987 1092 3067 nuptae

181 3068 341 3155 Sumpsit,
364 3074 540 3157 praeceleri
564 3073 680 3139 cecidit
702 3074 761 3138 sub
786 3074 934 3138 acumine
958 3071 1083 3137 mortis.

180 3157 261 3224 Post
284 3160 368 3225 alius
391 3160 492 3227 frater
515 3162 671 3227 thalamis
695 3163 765 3226 sine
788 3161 949 3227 fructibus
973 3159 1077 3225 isdem

250 3338 268 3386 4
285 3332 559 3389 metuis—servans
578 3336 644 3390 MR
668 3337 786 3405 (servas)
812 3338 822 3405 ΙΙ
849 3341 865 3390 9
884 3335 1007 3390 Fallacia
1026 3335 1065 3389 M
1069 3334 1097 3389 R
1124 3337 1134 3404 11
1163 3340 1192 3389 11
1274 3295 1275 3302 t

181 3401 265 3480 facile
292 3402 474 3470 0²M*V¹n‚
493 3407 654 3474 promptum
681 3408 691 3475 ss
720 3413 752 3461 16
772 3406 923 3463 conubium
942 3404 1069 3477 GmSy,
1103 3405 1194 3461 coniu·

184 3487 262 3538 grum
275 3475 285 3541 ss
300 3477 331 3525 17
351 3473 456 3528 semine
476 3473 514 3527 M
