2600 3934
517 174 551 232 V.
571 180 720 231 148-206.

121 321 308 388 Primorum
331 341 503 404 procerum
526 319 638 385 Iudaei
659 320 801 386 nominis
824 341 908 386 unus

117 409 219 476 Venit
243 414 276 475 et
298 408 339 474 ad
363 406 532 474 Christum
555 410 717 475 submisse
739 430 819 475 voce
840 408 1004 492 profatur:

115 497 232 584 „Haut
255 497 389 563 dubium
413 500 477 581 est,
510 497 595 581 quod
623 498 718 584 lorge
743 496 815 649 Deil
830 501 879 581 te,
912 495 1043 583 Sancte,
1075 520 1132 566 vo-

816 589 913 652 untes
1083 603 1133 653 mc

117 674 283 741 Humanis
305 675 411 739 lucem
435 673 595 739 concessit
618 694 751 759 surgere
774 676 886 759 rebus3

116 762 187 829 Nee
211 764 384 849 quisquam
406 763 507 827 tentis
531 763 654 828 tribuet
676 762 836 828 miraculo
859 762 972 849 signis,

116 851 161 917 Ni
185 850 426 917 comitato-Dei
449 851 560 916 iubeat
582 851 807 936 splendescere
829 850 963 917 virtus.“

116 938 270 1006 Christus
293 940 334 1004 sd
357 938 452 1004 bueo:
474 937 593 1024 „lteris
615 939 694 1004 iusti
719 940 746 1004 si
770 939 912 1006 culmine
935 940 1079 1025 quoeris,
1119 1002 1121 1005 ,

115 1028 238 1094 Nullus
262 1029 302 1093 sd
327 1027 489 1093 excelsum
512 1027 634 1113 poterit
657 1028 871 1094 conscendere
893 1047 1047 1114 regnum,
1080 1043 1131 1094 185

115 1116 258 1182 Reddite
280 1117 316 1181 ni
337 1119 489 1202 penetret
511 1116 665 1181 nascendi
688 1117 821 1183 exordis
843 1138 957 1181 rursus

115 1205 227 1291 Atque
249 1226 369 1271 novum
392 1206 501 1289 cupiet
524 1204 633 1269 divino
657 1227 789 1270 munere
812 1205 942 1270 vitam.“

114 1293 177 1359 Ille
201 1297 310 1360 eutem
332 1292 434 1359 tantis
458 1292 660 1376 stupefactus
683 1293 781 1358 cordo
804 1293 971 1379 loquellis:

113 1382 227 1467 ‚,Hoc‚
249 1381 369 1467 inquit,
390 1385 524 1447 nostrae
546 1403 613 1446 non
636 1385 687 1446 est
710 1381 940 1466 comprendere
962 1382 1091 1446 mentis.

116 1471 198 1548 Quis
221 1471 342 1554 poterit
365 1473 498 1554 coeptae
521 1491 674 1536 revocare
697 1470 829 1535 exordis
851 1469 962 1536 vitae?
1079 1486 1130 1536 100

114 1559 171 1624 An
193 1580 306 1624 rursus
330 1558 438 1624 senior
460 1562 623 1644 correptet
645 1559 682 1623 in
704 1559 817 1625 alvum

115 1646 164 1713 Ut
186 1669 291 1713 novus
314 1648 348 1712 in
371 1648 475 1713 lucem
499 1648 608 1712 venist
630 1647 797 1732 vitemque
820 1646 1012 1714 revolvct‘?“

114 1735 178 1801 llle
201 1738 261 1801 sub
285 1736 378 1801 hece:
400 1734 561 1821 „Liquido
585 1735 711 1820 siquis
735 1735 773 1801 de
795 1735 888 1801 fonte
910 1739 1043 1802 renatus

113 1824 161 1890 Et
184 1824 266 1889 flatu
289 1827 402 1890 sancto
424 1824 559 1889 rudibus
583 1825 762 1890 consistere
784 1825 941 1890 membris

115 1910 282 1998 Coeperit,
305 1912 485 1978 aetheriam
508 1913 593 1977 liber
615 1913 809 1979 conscendet
831 1913 866 1978 in
889 1914 1007 1978 aulam.
1080 1929 1131 1978 195

113 2001 296 2067 Terrenum
319 2022 437 2087 corpus
459 2005 588 2066 terreno
614 2023 749 2085 corpore
771 2005 886 2066 netum
910 2005 973 2084 est,

115 2087 258 2174 Spiritus
281 2091 364 2156 haut
386 2091 483 2156 aliter
506 2089 648 2154 similem
672 2093 808 2175 generet
830 2090 895 2154 sibi
917 2088 1041 2155 fictum.

116 2176 260 2262 Spiritus
284 2177 337 2244 hic
360 2178 447 2243 Deus
471 2182 535 2261 eet,
557 2177 609 2242 cui
631 2180 748 2261 parent
771 2179 881 2243 omnin
903 2178 1024 2243 mundi.

116 2265 194 2351 Hic,
217 2267 275 2333 ubi
297 2267 381 2350 vult,
405 2288 607 2352 quocumque
631 2266 724 2331 volet
746 2274 923 2350 vocemque
946 2288 1004 2350 per
1027 2288 1122 2331 aures

114 2354 234 2435 Iactat,
259 2356 315 2421 sed
337 2356 457 2436 nescis,
481 2375 564 2439 quse
587 2354 654 2419 sint
680 2356 811 2420 exordis
833 2355 936 2438 vocis,
1078 2371 1131 2421 200

115 2443 285 2529 Quamque
309 2447 424 2527 petent
447 2444 515 2508 eius
539 2443 705 2509 currentis
726 2444 861 2509 flamine
882 2447 1019 2529 partem.

115 2532 260 2618 Quisque
282 2532 385 2617 igitur
406 2532 513 2597 iustae
535 2531 655 2617 repetit
676 2532 856 2616 primordia
879 2532 981 2616 vitae,

113 2619 212 2687 Hunc
235 2621 374 2687 similem
399 2621 504 2686 semoti
526 2620 624 2685 flatus
647 2620 841 2687 revirescere
865 2624 990 2686 certum
1012 2619 1092 2684 est.“

113 2709 160 2774 Et
183 2709 323 2775 Iudaeus
347 2710 388 2773 od
410 2709 505 2774 haec:
527 2707 607 2793 „Nil
631 2709 748 2775 horum
773 2731 903 2774 eernere
925 2707 1087 2793 possum.“

114 2796 211 2863 Talia
228 2801 300 2864 tum
319 2796 483 2863 Christus:
506 2796 738 2881 „Solymorum
761 2818 879 2881 magne
904 2795 1069 2880 magister,
1077 2811 1130 2861 205

643 2918 726 2958 tribuit

186 2959 238 3010 182
256 2954 364 3010 tribuet
381 2954 430 3022 01,
443 2918 557 3008 ¹tribuit
575 2952 617 3020 ll,
640 2954 739 3022 egeret
758 2952 796 3005 M
815 2953 826 3020 ΙΙ
849 2956 899 3006 187
919 2968 1033 3006 munere
1053 2952 1129 3021 0¹12,

112 3026 228 3081 numine
247 3026 369 3151 Mdm
388 3023 433 3079 An
452 3024 528 3092 0¹12,
547 3025 605 3077 Aut
624 3024 748 3093 Ml192
767 3021 807 3075 Ut
817 3020 893 3089 0¹R,
911 3020 950 3076 Et
967 3023 1006 3076 M
1016 3026 1022 3090 Ι
1037 3023 1130 3078 revol-

112 3097 163 3151 vet
179 3096 274 3166 MMp
311 3097 328 3166 ¹,
346 3096 470 3151 resolvat
489 3095 531 3163 0¹,
554 3098 680 3149 resumat
697 3095 725 3148 R
743 3094 798 3149 div.
816 3109 867 3148 scr.
886 3096 919 3147 in
941 3092 1067 3165 710003
1086 3113 1129 3150 re—

112 3165 250 3223 virescere
269 3183 284 3222 c
300 3168 457 3223 coniectura
475 3165 615 3232 Rensebii,
633 3167 680 3221 cni
698 3166 846 3220 assentitur
857 3164 986 3231 Hoerner,
1006 3166 1053 3220 sed
1070 3167 1128 3220 iam

112 3237 144 3293 in
164 3236 198 3292 0¹
217 3239 332 3309 lepitnm
350 3237 523 3293 revivescere
538 3235 580 3306 0¹,
598 3235 766 3292 reviviscere
784 3235 821 3304 R,
841 3235 978 3291 revincere
997 3236 1035 3289 M
1043 3239 1054 3304 l
1065 3243 1129 3305 post

114 3313 166 3362 205
185 3309 250 3364 add.
269 3314 320 3364 est:
338 3307 550 3364 israhelitarum
569 3306 698 3362 sublimis
717 3305 809 3379 gloria
826 3306 920 3377 gentis
936 3305 1012 3373 0¹3,
1032 3307 1127 3361 uberat

113 3380 157 3434 ln'c
174 3396 268 3435 cerens
285 3385 310 3435 et
328 3385 480 3435 atramento
494 3380 604 3448 pallido
621 3380 654 3433 in
671 3380 795 3449 margine
812 3379 954 3447 suppletus
966 3383 1005 3431 eet
1018 3376 1061 3442 M,
1079 3377 1123 3430 de-

114 3456 152 3506 cet
171 3450 226 3519 01,·
242 3467 335 3506 cerense
352 3452 443 3522 plesse
459 3456 498 3505 est
515 3451 564 3505 bec
578 3450 634 3505 loce
648 3450 741 3504 minus
754 3453 836 3516 apta,
854 3465 921 3503 num
935 3449 957 3501 Ι
968 3452 1026 3504 207
1038 3463 1126 3515 paene

114 3523 199 3577 isdem
217 3522 305 3577 uerbis
323 3522 433 3577 Simeon
451 3522 545 3576 Iesum
558 3536 679 3590 puerum
698 3520 795 3575 laudat

930 3602 970 3658 3*
