2600 3934
160 154 203 220 36
585 152 695 207 LIBER
713 152 747 209 IL

161 300 253 365 Tune
277 299 377 364 etiam
400 300 545 363 mentem
562 298 648 362 ritae
672 297 711 362 de
732 296 855 362 lumine
877 300 1007 381 raptam

161 387 333 473 Demergis
355 407 512 471 praeceps
534 384 652 471 furvis,
675 384 870 468 miserande,
891 385 1050 470 tenebris,

160 475 231 544 Nec
252 479 348 562 potes
371 475 513 541 obtunso
535 473 765 559 comprendere
787 474 869 539 talia
891 474 1010 539 seusu?

159 565 245 630 Ecce
267 565 349 630 fides
371 563 465 629 nulla
487 568 550 648 est,
572 567 705 629 tantum
727 562 897 628 terrestria
919 562 998 626 dixi!

161 652 258 739 Quid,
282 652 311 719 si
334 653 491 718 caelestes
514 653 600 717 vires
624 651 838 718 conscendere
861 672 968 716 sermo
1122 668 1176 718 210
1292 728 1294 738 k

92 764 94 777 ·
160 739 313 828 Coeperit
335 746 371 807 et
393 762 526 825 superas
550 763 660 806 rerum
681 738 911 824 comprendere
933 737 1080 805 formas?

160 829 240 908 Quis
262 833 407 896 vestrum
431 830 546 895 duram
568 829 691 914 poterit
713 828 795 894 mihi
816 827 959 912 pandere
981 830 1149 895 mentem?

159 917 309 1003 Accipite
332 940 425 1005 ergo,
447 919 541 984 novis
565 940 648 1002 quae
671 917 715 983 sit
737 917 900 982 sententie
921 918 1027 983 rebus.

161 1005 331 1073 Siderenm
352 1007 463 1072 nullus
485 1007 607 1091 poterit
629 1005 844 1073 conscendere
867 1005 1005 1084 eaelum,

160 1094 206 1160 Ni
229 1097 332 1181 solus,
356 1095 438 1161 caeli
461 1095 518 1181 qui
539 1095 659 1161 missus
681 1095 771 1160 venit
794 1094 836 1159 ab
858 1094 948 1178 aula,
1123 1110 1178 1160 215

161 1184 253 1251 Idem
276 1184 419 1249 hominis
442 1188 554 1268 natus,
577 1184 660 1249 caeli
682 1183 739 1268 qui
761 1182 796 1247 in
818 1181 893 1247 sede
916 1185 1073 1250 moratur.

160 1270 207 1337 Ut
230 1294 362 1357 serpens
386 1272 465 1337 olim
487 1273 676 1358 regionibus
698 1271 735 1336 in
756 1271 894 1336 desertis

159 1359 285 1446 Moysei
307 1361 459 1426 manibus
482 1383 610 1426 summo
634 1360 783 1426 sublatus
806 1360 931 1425 honore
954 1365 1018 1444 est,

160 1447 214 1515 Sic
236 1450 380 1514 hominis
403 1453 519 1514 natum
540 1449 616 1516 tolli
638 1449 675 1514 in
697 1449 836 1514 sublime
857 1468 990 1515 necesse
1014 1454 1077 1532 est,

159 1537 219 1622 Ut,
243 1539 438 1623 quicumque
460 1538 557 1602 fidem
580 1537 700 1604 mentis
723 1536 947 1621 penetralibus
973 1538 1050 1603 altis
1123 1555 1179 1605 220

159 1626 253 1691 Illius
278 1626 319 1691 ad
340 1647 462 1691 nomen
485 1627 616 1711 statuit,
639 1626 701 1691 sub
724 1625 855 1692 turbine
879 1627 980 1692 saecli

159 1714 331 1781 Proouloet
353 1714 489 1798 pedibus
512 1717 615 1780 letum
638 1718 672 1780 et
694 1719 787 1780 trans
810 1714 917 1779 sidera
940 1737 1075 1800 surgens

160 1800 319 1873 Sublimis
343 1802 452 1886 capiat
475 1803 595 1868 donum
617 1803 811 1869 inviolabile
835 1802 931 1869 vitae.

159 1889 311 1976 Namque
334 1890 424 1956 Deus
446 1892 603 1957 mundum
625 1895 720 1958 tanto
742 1890 856 1957 dilexit
878 1913 1003 1977 amore,

158 1979 241 2047 Eius
264 1980 359 2045 utin
381 1983 487 2047 terras
510 1981 720 2047 descenderet
741 1980 838 2046 unica
861 1983 969 2066 proles
1122 1997 1178 2046 aas

160 2067 335 2135 Credentes
357 2067 499 2135 Domino
521 2069 609 2135 vitae
631 2070 781 2136 iunctura
802 2071 946 2152 perenni

159 2155 230 2222 Nec
252 2156 341 2223 Deus
364 2157 451 2224 hunc
473 2162 588 2223 natum
612 2157 790 2244 disquirere
813 2156 883 2225 iure
906 2180 1018 2225 seuero

158 2245 324 2312 Iudiciove
346 2247 433 2311 truci
455 2249 559 2312 terras
584 2247 764 2332 expendere
786 2247 892 2332 misit,

158 2332 255 2398 Mitia
278 2334 334 2399 sed
356 2335 488 2418 populis
509 2335 643 2401 venient
665 2340 702 2401 ut
724 2355 860 2401 munera
881 2336 979 2402 vitae.

158 2421 308 2507 Namque
330 2422 388 2487 ubi
410 2426 500 2489 certa
520 2423 601 2488 fides
623 2423 723 2490 fuerit
746 2427 903 2510 conplexa
926 2425 1081 2509 salutern,
1116 2430 1178 2490 ⁴ato

158 2509 235 2575 Non
258 2511 320 2575 erit
342 2510 412 2575 ulla
433 2510 502 2575 illio
526 2534 644 2597 anceps
668 2512 808 2600 agitatio
831 2515 921 2578 iuris.

159 2596 224 2664 Ast
245 2599 303 2664 ubi
326 2599 413 2664 dona
433 2600 548 2684 procul
570 2600 694 2667 fuerint
716 2601 848 2668 exclusa
870 2602 1040 2687 medellae,

158 2685 230 2752 Iam
253 2688 388 2772 propria
410 2688 557 2772 ipsorum
579 2694 723 2756 mentem
747 2690 914 2757 damnatio
938 2695 1081 2776 torquet3

158 2775 264 2841 Unica
285 2798 363 2842 nam
386 2775 520 2842 Domini
541 2778 605 2843 fuit
626 2779 679 2844 his
701 2780 870 2864 incognita
891 2780 1010 2863 proles.

158 2864 346 2929 Adventum
370 2864 452 2930 lucis
475 2867 587 2932 miseri
608 2866 722 2954 fugere
746 2869 878 2951 superbi
1121 2883 1177 2934 235

158 2950 204 3017 Et
227 2953 333 3038 magis
357 2955 498 3038 amplexi
521 2977 634 3021 caecas
658 2960 792 3021 tenuere
815 2956 977 3022 tenebras.

160 3038 214 3105 Sic
238 3043 432 3126 quicumque
455 3043 551 3108 malis
575 3049 717 3109 mentem
741 3046 956 3110 maculaverit
979 3044 1075 3128 actis,

158 3127 198 3192 In
220 3130 372 3195 tenebras
395 3131 530 3215 pavidus
553 3132 690 3219 refugit,
713 3156 755 3198 ne
777 3135 901 3199 lumine
924 3134 1013 3200 claro

159 3214 296 3284 Sordida
317 3219 466 3301 pollutae
488 3223 623 3305 pateant
646 3222 800 3308 contagia
823 3221 951 3287 mentis.

230 3428 283 3477 218
301 3423 392 3497 Mosei
411 3425 455 3495 0¹,
473 3424 579 3494 Moysei
599 3428 645 3495 M,
665 3429 884 3502 Mescidium
904 3447 1005 3485 nomen
1020 3431 1106 3499 0¹M,
1124 3450 1179 3486 nu-

158 3507 221 3544 men
235 3495 245 3561 ΙΙ
259 3498 311 3547 236
330 3494 459 3548 tenebras
480 3494 580 3565 0¹Mp,
600 3499 725 3554 latebras
739 3500 815 3568 11238
834 3503 866 3555 ln
886 3502 927 3569 0¹,
947 3503 990 3555 Ad
