2600 3934
541 171 574 227 V.
594 177 744 228 206-267.
1101 168 1143 233 37

130 320 178 386 At
202 319 396 404 quicumque
418 317 493 402 piae
516 317 622 383 tenuit
645 315 788 402 vestigia
809 315 911 399 vitae,
1093 329 1145 379 240
1204 330 1206 337 ⁴

129 408 183 474 Ad
206 408 348 473 medium
371 410 528 491 properat
550 407 720 491 lucemque
741 405 900 470 nitescere
923 403 1058 489 gaudet

131 496 308 582 Splendeat
330 499 368 560 ut
390 495 488 560 claris
511 495 645 560 virtutis
669 493 775 581 gloria
797 490 921 559 factis.“
1048 498 1050 502 ’

177 584 257 650 Inde
282 583 462 649 Galilaeam
484 578 603 667 repetit
625 585 775 648 servator
795 581 896 647 Iesus.

130 673 336 739 Praeterieris
360 672 415 738 sed
438 671 524 736 forte
547 671 636 736 venit
660 669 855 736 Samaritida
878 668 1004 735 Siohen.

132 762 206 827 Illic
228 758 348 826 fimdus
371 764 457 845 erat,
479 760 578 825 Iacob
602 759 641 824 de
663 759 796 824 nomine
817 759 959 844 pollens,
1093 771 1144 822 245

131 850 177 916 Et
200 853 320 936 puteus
343 847 452 936 gelido
476 848 642 914 demersus
665 848 700 912 in
723 847 837 913 abdita
858 846 958 911 fonte.

133 938 273 1005 Sederat
293 938 347 1004 hie
369 937 483 1023 rapido
507 937 653 1003 salvator
676 936 813 1002 anhelus
836 935 872 1000 in
894 936 1001 1020 aestu,

132 1027 359 1112 Discipulique
382 1047 473 1092 escas
496 1028 678 1092 mercantes
703 1024 873 1091 moenibus
896 1022 987 1089 urbis

132 1117 262 1182 Passim
286 1115 422 1200 dispersi
445 1115 552 1181 solum
574 1115 697 1199 liquere
720 1113 926 1197 magistrum,

133 1203 306 1270 Moenibus
329 1203 498 1289 egrediens
523 1201 695 1268 Samaritis
718 1202 840 1267 femina
862 1200 952 1266 venit
1094 1217 1146 1266 250

134 1292 317 1358 Hauritura
339 1293 426 1358 cavis
449 1292 541 1377 putei
562 1290 784 1377 penetralibus
807 1290 922 1355 undas.

134 1381 200 1447 Olli
224 1379 374 1447 Christus
398 1380 458 1445 ait:
480 1380 627 1466 „Labicis
651 1380 706 1463 da,
728 1378 863 1462 femina,
886 1377 1024 1462 potum“

133 1469 346 1554 Respondens
369 1469 501 1534 mulier:
523 1468 668 1555 „Mirum
691 1467 772 1532 mihi
793 1465 970 1552 praecipis,
992 1465 1112 1550 inquit,

134 1558 182 1625 Ut
204 1558 268 1623 tibi
289 1558 410 1624 Iudaeo
433 1558 554 1623 mulier
577 1555 771 1622 Samaritica
793 1559 909 1641 potum

131 1646 335 1732 Dispernens
358 1650 504 1712 ueterum
528 1644 728 1711 Samaritam
750 1645 841 1710 iussa
863 1643 1072 1709 ministrem.“
1096 1658 1147 1708 255

135 1734 219 1800 Tum
243 1740 391 1802 servator
413 1735 474 1800 ait:
496 1734 658 1820 „Domini
677 1734 706 1799 si
728 1754 864 1798 munera
885 1754 1012 1812 nosses,

134 1823 181 1889 Et
204 1825 276 1910 quis
299 1827 333 1888 te
356 1823 470 1889 sitiens
493 1823 639 1909 putealia
660 1823 778 1907 poeula
799 1825 930 1906 poscat,

136 1911 187 1978 Tu
210 1913 321 1998 potius
344 1916 485 1997 peteres,
508 1913 617 1977 vivam
640 1911 703 1975 tibi
725 1910 869 1976 traderet
889 1909 1039 1976 undam.“

137 2000 203 2066 Illa
227 2001 288 2066 sub
311 2000 404 2066 haec:
426 2000 570 2086 „Puteus
594 1999 756 2086 gremium
780 1999 929 2064 sinuatur
951 1999 987 2062 in
1009 1997 1126 2082 altum,

135 2088 261 2155 Urceus
286 2093 336 2154 est
358 2089 468 2154 nullus
491 2109 551 2154 nec
573 2092 651 2153 sunt
673 2088 736 2153 tibi
758 2087 889 2152 vincula
909 2086 1012 2170 funis3
1096 2103 1149 2152 260

134 2176 230 2243 Unde
252 2177 356 2265 igitur
377 2177 502 2263 poteris
525 2177 646 2242 undam
670 2175 752 2240 mibi
773 2175 902 2240 tradere
925 2174 1056 2241 vivam?

134 2265 225 2333 Num
246 2270 284 2330 tu
306 2265 411 2331 maior
434 2265 497 2331 eris
520 2265 626 2331 nostri
648 2265 770 2330 virtute
791 2264 959 2348 parentis?

135 2353 233 2420 Hunc
253 2354 353 2421 Iacob
376 2354 496 2420 etenim
518 2358 655 2439 puteum
678 2375 752 2419 eum
773 2353 867 2437 prole
888 2353 1035 2437 bibebat,

135 2442 183 2507 Et
205 2444 356 2528 proprios
379 2443 444 2508 hue
468 2464 564 2528 saepe
588 2463 704 2528 greges
728 2441 771 2507 ad
792 2441 909 2525 poeula
931 2440 1051 2508 duxit.“

136 2529 203 2597 Olli
224 2531 393 2615 respondit
415 2531 527 2596 mundi
550 2536 707 2618 regnator
729 2529 835 2595 Iesus:
1098 2545 1149 2595 asc

135 2619 210 2703 „Ex
232 2620 297 2684 ista
319 2620 413 2704 plene
436 2621 547 2685 nullus
570 2619 747 2685 satiabitur
769 2618 868 2702 unda,

136 2707 222 2774 Nam
245 2729 358 2773 rursus
382 2709 484 2792 sitiet3
508 2708 564 2773 sed
585 2708 693 2774 nostri
715 2707 801 2772 dona
823 2707 960 2790 liquoris

208 2852 261 2902 243
281 2845 413 2903 Servabor
423 2845 457 2901 0¹
468 2845 622 2914 V¹**Aad,
641 2844 773 2901 Salvator
785 2846 796 2915 ΙΙ
809 2849 862 2900 244
876 2842 979 2900 Sichen
989 2843 1031 2910 0¹,
1051 2843 1151 2900 Sicbae

137 2951 204 3007 na
212 2951 258 3018 1⁷1,
277 2951 389 3008 sinam
413 2951 454 3006 ν’
473 2919 598 3022 (aetem)
616 2952 683 3010 mat
700 2952 758 3006 aa
779 2954 790 3022 l
812 2934 865 3006 245
883 2950 968 3006 rasos
986 2950 1021 3006 aa
1041 2949 1084 3018 0¹,
1106 2950 1151 3007 ra·

139 3023 204 3078 cobi
221 3023 264 3092 M,
289 3022 373 3078 Iacob
393 3023 559 3095 cognomine
577 3023 606 3076 R
628 3024 638 3094 l
661 3027 712 3077 247
733 3023 858 3078 salvator
877 3020 983 3091 0¹R**‚
1003 3022 1129 3077 servator
1142 3021 1152 3093 ll

133 3099 199 3217 post
217 3098 269 3148 262
288 3094 402 3151 additus
419 3100 458 3149 est
475 3095 520 3150 lu'c
537 3111 575 3150 a:
598 3093 682 3148 Illam
701 3094 831 3165 deposcit
847 3095 945 3162 potum
965 3092 1021 3148 sibi
1038 3092 1152 3151 tradere

162 3164 267 3218 hristus
287 3163 330 3232 0¹,
355 3166 452 3220 ordine
474 3166 581 3219 inverso
603 3181 628 3221 o.
647 3165 929 3236 252s31e9aeturia
951 3162 1023 3232 1⁷1⁴,
1050 3180 1075 3218 u.
1094 3165 1153 3220 252

136 3236 211 3290 solue
234 3236 334 3305 bettio
357 3237 389 3291 ia
407 3235 492 3304 Rom,
520 3236 590 3291 atter
611 3250 705 3291 cerna
722 3237 755 3290 ln
772 3236 1008 3290 comsummata
1025 3249 1092 3305 quos
1110 3249 1152 3289 eo·

136 3306 232 3375 ouon,
250 3306 298 3362 aed
314 3308 374 3362 aiae
391 3307 476 3362 datio
493 3307 540 3360 ille
556 3307 694 3378 panaenus
711 3310 750 3360 est
762 3308 772 3375 Ι
785 3312 837 3361 268
855 3306 1107 3376 Hunc-puteum
1118 3303 1153 3360 0¹

137 3376 176 3443 R,
194 3377 300 3439 Hoc-
312 3379 399 3447 puteo
419 3377 478 3446 ΜΙ
496 3381 548 3432 265
566 3375 613 3431 Ad
630 3378 703 3432 haee
721 3381 848 3431 servator
865 3375 936 3433 talia
955 3375 1032 3431 dicta
1049 3372 1153 3430 detuit

138 3447 177 3501 M
186 3449 261 3504 solua
279 3451 383 3517 (ceraue
399 3449 537 3519 patinae
554 3448 593 3503 ad
610 3449 761 3572 maspetum
779 3448 907 3517 adpictus
924 3453 963 3504 eat
975 3450 985 3518 Ι
998 3452 1051 3503 ltu
1069 3445 1153 3517 plene

139 3517 215 3586 0¹12,
234 3520 271 3574 ad
289 3519 404 3589 plenum
423 3519 500 3587 Mat,
523 3518 608 3589 plane
626 3519 665 3573 Μ
699 3519 707 3549 ¹
