<?xml version="1.0" encoding="UTF-8"?>
<!DOCTYPE html PUBLIC "-//W3C//DTD XHTML 1.0 Transitional//EN"
    "http://www.w3.org/TR/xhtml1/DTD/xhtml1-transitional.dtd">
<html xmlns="http://www.w3.org/1999/xhtml" xml:lang="en" lang="en">
 <head>
  <title>
</title>
<meta http-equiv="Content-Type" content="text/html;charset=utf-8" />
  <meta name='ocr-system' content='tesseract 3.04.00' />
  <meta name='ocr-capabilities' content='ocr_page ocr_carea ocr_par ocr_line ocrx_word'/>
</head>
<body>
  <div class='ocr_page' id='page_1' title='image "./cvettiaquilinii01marogoog_0071.png"; bbox 0 0 2600 3934; ppageno 0'>
   <div class='ocr_carea' id='block_1_1' title="bbox 507 157 711 213">
    <p class='ocr_par' dir='ltr' id='par_1_1' title="bbox 507 157 711 213">
     <span class='ocr_line' id='line_1_1' title="bbox 507 157 711 213; baseline -0.01 0"><span class='ocrx_word' id='word_1_1' title='bbox 507 157 542 213; x_wconf 89' lang='lat' dir='ltr'><strong>V.</strong></span> <span class='ocrx_word' id='word_1_2' title='bbox 560 163 711 213; x_wconf 79' lang='lat'>384-394.</span> 
     </span>
    </p>
   </div>
   <div class='ocr_carea' id='block_1_2' title="bbox 27 299 1113 2847">
    <p class='ocr_par' dir='ltr' id='par_1_2' title="bbox 97 299 1113 1253">
     <span class='ocr_line' id='line_1_2' title="bbox 97 299 925 386; baseline 0.002 -20"><span class='ocrx_word' id='word_1_3' title='bbox 97 299 186 386; x_wconf 82' lang='lat' dir='ltr'><strong>„Qui</strong></span> <span class='ocrx_word' id='word_1_4' title='bbox 209 301 322 386; x_wconf 78' lang='lat' dir='ltr'>sponsi</span> <span class='ocrx_word' id='word_1_5' title='bbox 344 302 440 367; x_wconf 85' lang='lat' dir='ltr'><strong>lestis</strong></span> <span class='ocrx_word' id='word_1_6' title='bbox 464 301 662 368; x_wconf 74' lang='lat' dir='ltr'>comitantur</span> <span class='ocrx_word' id='word_1_7' title='bbox 684 307 761 368; x_wconf 83' lang='lat' dir='ltr'><strong>vota</strong></span> <span class='ocrx_word' id='word_1_8' title='bbox 784 304 925 383; x_wconf 78' lang='lat' dir='ltr'><strong>choreis,</strong></span> 
     </span>
     <span class='ocr_line' id='line_1_3' title="bbox 98 390 893 475; baseline -0.001 -19"><span class='ocrx_word' id='word_1_9' title='bbox 98 390 175 456; x_wconf 92' lang='lat' dir='ltr'><strong>Non</strong></span> <span class='ocrx_word' id='word_1_10' title='bbox 197 393 368 473; x_wconf 78' lang='lat' dir='ltr'><strong>praesente</strong></span> <span class='ocrx_word' id='word_1_11' title='bbox 391 391 449 455; x_wconf 93' lang='lat' dir='ltr'><strong>illo</strong></span> <span class='ocrx_word' id='word_1_12' title='bbox 472 390 594 455; x_wconf 85' lang='lat' dir='ltr'><strong>ieiunia</strong></span> <span class='ocrx_word' id='word_1_13' title='bbox 616 391 728 457; x_wconf 87' lang='lat' dir='ltr'><strong>tristia</strong></span> <span class='ocrx_word' id='word_1_14' title='bbox 750 395 893 475; x_wconf 88' lang='lat' dir='ltr'><strong>portant.</strong></span> 
     </span>
     <span class='ocr_line' id='line_1_4' title="bbox 97 477 996 563; baseline 0.002 -19"><span class='ocrx_word' id='word_1_15' title='bbox 97 478 231 563; x_wconf 81' lang='lat' dir='ltr'><strong>Iamque</strong></span> <span class='ocrx_word' id='word_1_16' title='bbox 255 478 323 544; x_wconf 90' lang='lat' dir='ltr'><strong>dies</strong></span> <span class='ocrx_word' id='word_1_17' title='bbox 346 477 464 563; x_wconf 81' lang='lat' dir='ltr'><strong>ederit,</strong></span> <span class='ocrx_word' id='word_1_18' title='bbox 487 500 561 544; x_wconf 90' lang='lat' dir='ltr'><strong>cum</strong></span> <span class='ocrx_word' id='word_1_19' title='bbox 583 501 722 563; x_wconf 88' lang='lat' dir='ltr'><strong>sponsus</strong></span> <span class='ocrx_word' id='word_1_20' title='bbox 745 482 875 546; x_wconf 87' lang='lat' dir='ltr'><strong>turbine</strong></span> <span class='ocrx_word' id='word_1_21' title='bbox 898 482 996 547; x_wconf 87' lang='lat' dir='ltr'><strong>saeeli</strong></span> 
     </span>
     <span class='ocr_line' id='line_1_5' title="bbox 97 566 871 651; baseline 0.003 -20"><span class='ocrx_word' id='word_1_22' title='bbox 97 567 127 632; x_wconf 81' lang='lat' dir='ltr'><strong>E</strong></span> <span class='ocrx_word' id='word_1_23' title='bbox 153 566 260 632; x_wconf 90' lang='lat' dir='ltr'><strong>medio</strong></span> <span class='ocrx_word' id='word_1_24' title='bbox 284 568 440 632; x_wconf 90' lang='lat' dir='ltr'><strong>comitum</strong></span> <span class='ocrx_word' id='word_1_25' title='bbox 464 568 622 651; x_wconf 79' lang='lat' dir='ltr'><strong>rapietur:</strong></span> <span class='ocrx_word' id='word_1_26' title='bbox 646 569 799 634; x_wconf 88' lang='lat' dir='ltr'><strong>tristibus</strong></span> <span class='ocrx_word' id='word_1_27' title='bbox 822 569 871 634; x_wconf 90' lang='lat' dir='ltr'><strong>illi</strong></span> 
     </span>
     <span class='ocr_line' id='line_1_6' title="bbox 101 654 1112 741; baseline 0.003 -20"><span class='ocrx_word' id='word_1_28' title='bbox 101 654 314 741; x_wconf 89' lang='lat' dir='ltr'><strong>Spondebunt</strong></span> <span class='ocrx_word' id='word_1_29' title='bbox 338 656 463 721; x_wconf 86' lang='lat' dir='ltr'><strong>animos</strong></span> <span class='ocrx_word' id='word_1_30' title='bbox 480 656 629 721; x_wconf 73' lang='lat' dir='ltr'><strong>decumis</strong></span> <span class='ocrx_word' id='word_1_31' title='bbox 652 656 788 723; x_wconf 89' lang='lat' dir='ltr'><strong>horrore</strong></span> <span class='ocrx_word' id='word_1_32' title='bbox 811 658 967 723; x_wconf 88' lang='lat' dir='ltr'><strong>eiborum.</strong></span> <span class='ocrx_word' id='word_1_33' title='bbox 1029 664 1033 671; x_wconf 70' lang='lat'>‘</span> <span class='ocrx_word' id='word_1_34' title='bbox 1060 675 1112 724; x_wconf 83' lang='grc'>370</span> 
     </span>
     <span class='ocr_line' id='line_1_7' title="bbox 99 743 1103 831; baseline 0.003 -23"><span class='ocrx_word' id='word_1_35' title='bbox 99 744 205 821; x_wconf 86' lang='lat' dir='ltr'><strong>Quam</strong></span> <span class='ocrx_word' id='word_1_36' title='bbox 229 743 366 809; x_wconf 87' lang='lat' dir='ltr'><strong>stultum</strong></span> <span class='ocrx_word' id='word_1_37' title='bbox 390 748 453 828; x_wconf 87' lang='lat' dir='ltr'><strong>est,</strong></span> <span class='ocrx_word' id='word_1_38' title='bbox 475 744 609 809; x_wconf 89' lang='lat' dir='ltr'><strong>rudibus</strong></span> <span class='ocrx_word' id='word_1_39' title='bbox 633 749 762 811; x_wconf 83' lang='lat' dir='ltr'><strong>veteres</strong></span> <span class='ocrx_word' id='word_1_40' title='bbox 785 747 956 811; x_wconf 86' lang='lat' dir='ltr'><strong>subtexere</strong></span> <span class='ocrx_word' id='word_1_41' title='bbox 978 768 1103 831; x_wconf 85' lang='lat' dir='ltr'><strong>pannos</strong></span> 
     </span>
     <span class='ocr_line' id='line_1_8' title="bbox 100 831 930 919; baseline 0.001 -22"><span class='ocrx_word' id='word_1_42' title='bbox 100 831 271 915; x_wconf 73' lang='lat' dir='ltr'>Vestibus,</span> <span class='ocrx_word' id='word_1_43' title='bbox 294 835 332 897; x_wconf 89' lang='lat' dir='ltr'><strong>ut</strong></span> <span class='ocrx_word' id='word_1_44' title='bbox 354 833 460 918; x_wconf 85' lang='lat' dir='ltr'><strong>turpis</strong></span> <span class='ocrx_word' id='word_1_45' title='bbox 483 833 574 917; x_wconf 89' lang='lat' dir='ltr'><strong>peius</strong></span> <span class='ocrx_word' id='word_1_46' title='bbox 598 834 739 899; x_wconf 81' lang='lat' dir='ltr'><strong>scissura</strong></span> <span class='ocrx_word' id='word_1_47' title='bbox 761 835 930 919; x_wconf 78' lang='lat' dir='ltr'><strong>patescat?</strong></span> 
     </span>
     <span class='ocr_line' id='line_1_9' title="bbox 100 919 1078 1002; baseline 0.002 -17"><span class='ocrx_word' id='word_1_48' title='bbox 100 919 170 985; x_wconf 86' lang='lat' dir='ltr'><strong>Aut</strong></span> <span class='ocrx_word' id='word_1_49' title='bbox 192 920 322 986; x_wconf 88' lang='lat' dir='ltr'><strong>utribus</strong></span> <span class='ocrx_word' id='word_1_50' title='bbox 345 921 486 987; x_wconf 81' lang='lat' dir='ltr'><strong>calidum</strong></span> <span class='ocrx_word' id='word_1_51' title='bbox 509 921 598 986; x_wconf 86' lang='lat' dir='ltr'><strong>tritis</strong></span> <span class='ocrx_word' id='word_1_52' title='bbox 622 923 825 987; x_wconf 85' lang='lat' dir='ltr'><strong>committere</strong></span> <span class='ocrx_word' id='word_1_53' title='bbox 849 927 1006 1002; x_wconf 88' lang='lat' dir='ltr'><strong>mustum,</strong></span> <span class='ocrx_word' id='word_1_54' title='bbox 1075 993 1078 997; x_wconf 10' lang='grc' dir='ltr'><strong><em>ἵ</em></strong></span> 
     </span>
     <span class='ocr_line' id='line_1_10' title="bbox 102 1007 976 1095; baseline 0.003 -22"><span class='ocrx_word' id='word_1_55' title='bbox 102 1007 183 1086; x_wconf 80' lang='lat' dir='ltr'><strong>Quis</strong></span> <span class='ocrx_word' id='word_1_56' title='bbox 206 1010 311 1095; x_wconf 85' lang='lat' dir='ltr'><strong>ruptis</strong></span> <span class='ocrx_word' id='word_1_57' title='bbox 335 1013 441 1075; x_wconf 87' lang='lat' dir='ltr'><strong>toturn</strong></span> <span class='ocrx_word' id='word_1_58' title='bbox 466 1010 612 1094; x_wconf 89' lang='lat' dir='ltr'><strong>sequitur</strong></span> <span class='ocrx_word' id='word_1_59' title='bbox 635 1010 819 1095; x_wconf 84' lang='lat' dir='ltr'><strong>disperdere</strong></span> <span class='ocrx_word' id='word_1_60' title='bbox 841 1012 976 1076; x_wconf 78' lang='lat' dir='ltr'><strong>vinum?</strong></span> 
     </span>
     <span class='ocr_line' id='line_1_11' title="bbox 102 1095 1113 1183; baseline 0.001 -21"><span class='ocrx_word' id='word_1_61' title='bbox 102 1095 167 1163; x_wconf 83' lang='lat' dir='ltr'><strong>Sed</strong></span> <span class='ocrx_word' id='word_1_62' title='bbox 189 1097 324 1162; x_wconf 87' lang='lat' dir='ltr'><strong>rudibus</strong></span> <span class='ocrx_word' id='word_1_63' title='bbox 346 1102 472 1164; x_wconf 91' lang='lat' dir='ltr'><strong>rectum</strong></span> <span class='ocrx_word' id='word_1_64' title='bbox 495 1102 545 1177; x_wconf 84' lang='lat' dir='ltr'><strong>est</strong></span> <span class='ocrx_word' id='word_1_65' title='bbox 568 1098 697 1164; x_wconf 89' lang='lat' dir='ltr'><strong>utribus</strong></span> <span class='ocrx_word' id='word_1_66' title='bbox 720 1100 907 1183; x_wconf 87' lang='lat' dir='ltr'><strong>spumantia</strong></span> <span class='ocrx_word' id='word_1_67' title='bbox 930 1103 1039 1165; x_wconf 85' lang='lat' dir='ltr'><strong>musta</strong></span> <span class='ocrx_word' id='word_1_68' title='bbox 1061 1114 1113 1164; x_wconf 80' lang='grc'>370</span> 
     </span>
     <span class='ocr_line' id='line_1_12' title="bbox 102 1183 936 1253; baseline 0.004 -3"><span class='ocrx_word' id='word_1_69' title='bbox 102 1183 264 1251; x_wconf 78' lang='lat' dir='ltr'><strong>Condere:</strong></span> <span class='ocrx_word' id='word_1_70' title='bbox 287 1186 334 1251; x_wconf 93' lang='lat' dir='ltr'><strong>sic</strong></span> <span class='ocrx_word' id='word_1_71' title='bbox 357 1187 467 1251; x_wconf 68' lang='lat' dir='ltr'><strong>unum</strong></span> <span class='ocrx_word' id='word_1_72' title='bbox 492 1191 687 1252; x_wconf 84' lang='lat' dir='ltr'><strong>conservent</strong></span> <span class='ocrx_word' id='word_1_73' title='bbox 709 1187 809 1253; x_wconf 85' lang='lat' dir='ltr'><strong>fortia</strong></span> <span class='ocrx_word' id='word_1_74' title='bbox 830 1191 936 1253; x_wconf 84' lang='lat' dir='ltr'><strong>vasa.“</strong></span> 
     </span>
    </p>

    <p class='ocr_par' dir='ltr' id='par_1_3' title="bbox 27 1273 1113 2847">
     <span class='ocr_line' id='line_1_13' title="bbox 146 1273 882 1360; baseline 0.005 -22"><span class='ocrx_word' id='word_1_75' title='bbox 146 1273 241 1340; x_wconf 85' lang='lat' dir='ltr'><strong>Talia</strong></span> <span class='ocrx_word' id='word_1_76' title='bbox 263 1275 420 1340; x_wconf 77' lang='lat' dir='ltr'><strong>tractanti</strong></span> <span class='ocrx_word' id='word_1_77' title='bbox 442 1296 615 1360; x_wconf 87' lang='lat' dir='ltr'><strong>percussus</strong></span> <span class='ocrx_word' id='word_1_78' title='bbox 637 1280 770 1360; x_wconf 84' lang='lat' dir='ltr'><strong>pectore</strong></span> <span class='ocrx_word' id='word_1_79' title='bbox 792 1278 882 1342; x_wconf 88' lang='lat' dir='ltr'><strong>luetu</strong></span> 
     </span>
     <span class='ocr_line' id='line_1_14' title="bbox 99 1362 954 1449; baseline 0.004 -22"><span class='ocrx_word' id='word_1_80' title='bbox 99 1362 186 1428; x_wconf 84' lang='lat' dir='ltr'><strong>Ecce</strong></span> <span class='ocrx_word' id='word_1_81' title='bbox 209 1363 413 1428; x_wconf 85' lang='lat' dir='ltr'><strong>secerdotum</strong></span> <span class='ocrx_word' id='word_1_82' title='bbox 435 1364 585 1449; x_wconf 87' lang='lat' dir='ltr'><strong>princeps</strong></span> <span class='ocrx_word' id='word_1_83' title='bbox 608 1366 793 1448; x_wconf 89' lang='lat' dir='ltr'><strong>procumbit</strong></span> <span class='ocrx_word' id='word_1_84' title='bbox 815 1364 954 1430; x_wconf 87' lang='lat' dir='ltr'><strong>adorans</strong></span> 
     </span>
     <span class='ocr_line' id='line_1_15' title="bbox 102 1450 1025 1519; baseline 0.003 -5"><span class='ocrx_word' id='word_1_85' title='bbox 102 1450 151 1515; x_wconf 83' lang='lat' dir='ltr'><strong>Et</strong></span> <span class='ocrx_word' id='word_1_86' title='bbox 175 1451 238 1516; x_wconf 90' lang='lat' dir='ltr'><strong>sibi</strong></span> <span class='ocrx_word' id='word_1_87' title='bbox 262 1451 446 1517; x_wconf 85' lang='lat' dir='ltr'><strong>defunctam</strong></span> <span class='ocrx_word' id='word_1_88' title='bbox 468 1489 506 1500; x_wconf 91' lang='lat'>-</span> <span class='ocrx_word' id='word_1_89' title='bbox 527 1452 624 1518; x_wconf 81' lang='lat' dir='ltr'><strong>funus</strong></span> <span class='ocrx_word' id='word_1_90' title='bbox 648 1454 834 1519; x_wconf 85' lang='lat' dir='ltr'><strong>miserabile</strong></span> <span class='ocrx_word' id='word_1_91' title='bbox 856 1489 894 1501; x_wconf 92' lang='lat'>-</span> <span class='ocrx_word' id='word_1_92' title='bbox 913 1456 1025 1518; x_wconf 84' lang='lat' dir='ltr'><strong>natum</strong></span> 
     </span>
     <span class='ocr_line' id='line_1_16' title="bbox 99 1539 1113 1626; baseline 0.002 -22"><span class='ocrx_word' id='word_1_93' title='bbox 99 1539 263 1624; x_wconf 89' lang='lat' dir='ltr'><strong>Implorat</strong></span> <span class='ocrx_word' id='word_1_94' title='bbox 285 1540 475 1625; x_wconf 78' lang='lat' dir='ltr'><strong>lacrimans,</strong></span> <span class='ocrx_word' id='word_1_95' title='bbox 498 1545 684 1626; x_wconf 87' lang='lat' dir='ltr'><strong>certamque</strong></span> <span class='ocrx_word' id='word_1_96' title='bbox 706 1542 816 1608; x_wconf 84' lang='lat' dir='ltr'><strong>venire</strong></span> <span class='ocrx_word' id='word_1_97' title='bbox 839 1543 979 1607; x_wconf 86' lang='lat' dir='ltr'><strong>salutem</strong></span> <span class='ocrx_word' id='word_1_98' title='bbox 1061 1557 1113 1607; x_wconf 83' lang='grc'><strong>330</strong></span> 
     </span>
     <span class='ocr_line' id='line_1_17' title="bbox 99 1627 889 1713; baseline 0.006 -22"><span class='ocrx_word' id='word_1_99' title='bbox 99 1627 273 1694; x_wconf 82' lang='lat' dir='ltr'><strong>Deiunetis</strong></span> <span class='ocrx_word' id='word_1_100' title='bbox 296 1630 396 1694; x_wconf 91' lang='lat' dir='ltr'><strong>etiam</strong></span> <span class='ocrx_word' id='word_1_101' title='bbox 419 1629 575 1713; x_wconf 78' lang='lat' dir='ltr'><strong>poscebat</strong></span> <span class='ocrx_word' id='word_1_102' title='bbox 599 1651 734 1696; x_wconf 87' lang='lat' dir='ltr'><strong>munera</strong></span> <span class='ocrx_word' id='word_1_103' title='bbox 756 1630 889 1697; x_wconf 77' lang='lat' dir='ltr'><strong>Christi.</strong></span> 
     </span>
     <span class='ocr_line' id='line_1_18' title="bbox 99 1715 1010 1804; baseline 0.002 -23"><span class='ocrx_word' id='word_1_104' title='bbox 99 1715 192 1781; x_wconf 86' lang='lat' dir='ltr'><strong>Haut</strong></span> <span class='ocrx_word' id='word_1_105' title='bbox 215 1738 321 1801; x_wconf 89' lang='lat' dir='ltr'><strong>mora,</strong></span> <span class='ocrx_word' id='word_1_106' title='bbox 344 1739 544 1804; x_wconf 81' lang='lat' dir='ltr'><strong>consurgens</strong></span> <span class='ocrx_word' id='word_1_107' title='bbox 568 1718 717 1803; x_wconf 81' lang='lat' dir='ltr'><strong>graditur</strong></span> <span class='ocrx_word' id='word_1_108' title='bbox 740 1723 887 1785; x_wconf 83' lang='lat' dir='ltr'><strong>servator</strong></span> <span class='ocrx_word' id='word_1_109' title='bbox 908 1719 1010 1784; x_wconf 87' lang='lat' dir='ltr'><strong>Iesus.</strong></span> 
     </span>
     <span class='ocr_line' id='line_1_19' title="bbox 98 1804 910 1895; baseline 0.002 -25"><span class='ocrx_word' id='word_1_110' title='bbox 98 1804 271 1891; x_wconf 83' lang='lat' dir='ltr'><strong>Progressi</strong></span> <span class='ocrx_word' id='word_1_111' title='bbox 293 1807 409 1873; x_wconf 89' lang='lat' dir='ltr'><strong>mulier</strong></span> <span class='ocrx_word' id='word_1_112' title='bbox 433 1807 579 1891; x_wconf 87' lang='lat' dir='ltr'><strong>sequitur</strong></span> <span class='ocrx_word' id='word_1_113' title='bbox 601 1808 742 1895; x_wconf 76' lang='lat' dir='ltr'><strong>vestigia</strong></span> <span class='ocrx_word' id='word_1_114' title='bbox 763 1829 910 1889; x_wconf 84' lang='lat' dir='ltr'><strong>servans,</strong></span> 
     </span>
     <span class='ocr_line' id='line_1_20' title="bbox 101 1893 981 1979; baseline 0.003 -21"><span class='ocrx_word' id='word_1_115' title='bbox 101 1893 208 1970; x_wconf 78' lang='lat' dir='ltr'><strong>Quam</strong></span> <span class='ocrx_word' id='word_1_116' title='bbox 230 1895 385 1978; x_wconf 83' lang='lat' dir='ltr'><strong>languore</strong></span> <span class='ocrx_word' id='word_1_117' title='bbox 408 1895 501 1979; x_wconf 78' lang='lat' dir='ltr'><strong>gravi</strong></span> <span class='ocrx_word' id='word_1_118' title='bbox 524 1895 575 1960; x_wconf 89' lang='lat' dir='ltr'><strong>bis</strong></span> <span class='ocrx_word' id='word_1_119' title='bbox 598 1918 654 1961; x_wconf 86' lang='lat' dir='ltr'><strong>sex</strong></span> <span class='ocrx_word' id='word_1_120' title='bbox 676 1897 864 1962; x_wconf 85' lang='lat' dir='ltr'><strong>lnbentibus</strong></span> <span class='ocrx_word' id='word_1_121' title='bbox 888 1896 981 1961; x_wconf 89' lang='lat' dir='ltr'><strong>annis</strong></span> 
     </span>
     <span class='ocr_line' id='line_1_21' title="bbox 101 1980 1113 2067; baseline 0.002 -20"><span class='ocrx_word' id='word_1_122' title='bbox 101 1980 268 2067; x_wconf 77' lang='lat' dir='ltr'><strong>Carpebat</strong></span> <span class='ocrx_word' id='word_1_123' title='bbox 289 1982 395 2048; x_wconf 84' lang='lat' dir='ltr'><strong>fluxus</strong></span> <span class='ocrx_word' id='word_1_124' title='bbox 419 2005 586 2049; x_wconf 79' lang='lat' dir='ltr'><strong>macerans</strong></span> <span class='ocrx_word' id='word_1_125' title='bbox 611 1985 680 2049; x_wconf 90' lang='lat' dir='ltr'><strong>sine</strong></span> <span class='ocrx_word' id='word_1_126' title='bbox 702 1986 767 2050; x_wconf 88' lang='lat' dir='ltr'><strong>fine</strong></span> <span class='ocrx_word' id='word_1_127' title='bbox 790 1986 912 2051; x_wconf 86' lang='lat' dir='ltr'><strong>cruoris</strong></span> <span class='ocrx_word' id='word_1_128' title='bbox 1061 2000 1113 2050; x_wconf 81' lang='grc'><strong>330</strong></span> 
     </span>
     <span class='ocr_line' id='line_1_22' title="bbox 101 2068 909 2158; baseline 0.004 -25"><span class='ocrx_word' id='word_1_129' title='bbox 101 2068 237 2135; x_wconf 88' lang='lat' dir='ltr'><strong>Viribus</strong></span> <span class='ocrx_word' id='word_1_130' title='bbox 261 2070 444 2156; x_wconf 85' lang='lat' dir='ltr'><strong>absumptis</strong></span> <span class='ocrx_word' id='word_1_131' title='bbox 468 2076 502 2136; x_wconf 93' lang='lat' dir='ltr'><strong>et</strong></span> <span class='ocrx_word' id='word_1_132' title='bbox 524 2076 596 2137; x_wconf 92' lang='lat' dir='ltr'><strong>toto</strong></span> <span class='ocrx_word' id='word_1_133' title='bbox 620 2094 756 2158; x_wconf 87' lang='lat' dir='ltr'><strong>corpore</strong></span> <span class='ocrx_word' id='word_1_134' title='bbox 778 2072 909 2138; x_wconf 86' lang='lat' dir='ltr'><strong>fessam.</strong></span> 
     </span>
     <span class='ocr_line' id='line_1_23' title="bbox 100 2157 1009 2227; baseline 0.006 -5"><span class='ocrx_word' id='word_1_135' title='bbox 100 2157 249 2223; x_wconf 90' lang='lat' dir='ltr'><strong>Pectoris</strong></span> <span class='ocrx_word' id='word_1_136' title='bbox 271 2159 353 2225; x_wconf 88' lang='lat' dir='ltr'><strong>haee</strong></span> <span class='ocrx_word' id='word_1_137' title='bbox 375 2161 512 2225; x_wconf 81' lang='lat' dir='ltr'><strong>tacitum</strong></span> <span class='ocrx_word' id='word_1_138' title='bbox 535 2161 690 2226; x_wconf 81' lang='lat' dir='ltr'><strong>volvebat</strong></span> <span class='ocrx_word' id='word_1_139' title='bbox 712 2161 843 2227; x_wconf 85' lang='lat' dir='ltr'><strong>credula</strong></span> <span class='ocrx_word' id='word_1_140' title='bbox 866 2165 1009 2227; x_wconf 89' lang='lat' dir='ltr'><strong>mentem</strong></span> 
     </span>
     <span class='ocr_line' id='line_1_24' title="bbox 99 2243 884 2333; baseline 0.006 -23"><span class='ocrx_word' id='word_1_141' title='bbox 99 2243 231 2312; x_wconf 84' lang='lat' dir='ltr'><strong>Arcano</strong></span> <span class='ocrx_word' id='word_1_142' title='bbox 255 2269 428 2333; x_wconf 86' lang='lat' dir='ltr'><strong>secumque</strong></span> <span class='ocrx_word' id='word_1_143' title='bbox 450 2249 513 2314; x_wconf 89' lang='lat' dir='ltr'><strong>fide</strong></span> <span class='ocrx_word' id='word_1_144' title='bbox 536 2249 602 2314; x_wconf 85' lang='lat' dir='ltr'><strong>iem</strong></span> <span class='ocrx_word' id='word_1_145' title='bbox 625 2254 714 2315; x_wconf 85' lang='lat' dir='ltr'><strong>certa</strong></span> <span class='ocrx_word' id='word_1_146' title='bbox 737 2251 884 2330; x_wconf 84' lang='lat' dir='ltr'><strong>tenebat,</strong></span> 
     </span>
     <span class='ocr_line' id='line_1_25' title="bbox 27 2334 924 2424; baseline 0.011 -30"><span class='ocrx_word' id='word_1_147' title='bbox 27 2385 30 2393; x_wconf 92' lang='lat'>.</span> <span class='ocrx_word' id='word_1_148' title='bbox 101 2334 261 2402; x_wconf 88' lang='lat' dir='ltr'><strong>Actutum</strong></span> <span class='ocrx_word' id='word_1_149' title='bbox 284 2336 372 2402; x_wconf 83' lang='lat' dir='ltr'><strong>fesso</strong></span> <span class='ocrx_word' id='word_1_150' title='bbox 394 2337 525 2423; x_wconf 84' lang='lat' dir='ltr'><strong>fugeret</strong></span> <span class='ocrx_word' id='word_1_151' title='bbox 549 2338 635 2422; x_wconf 91' lang='lat' dir='ltr'><strong>quod</strong></span> <span class='ocrx_word' id='word_1_152' title='bbox 659 2359 794 2423; x_wconf 85' lang='lat' dir='ltr'><strong>corpore</strong></span> <span class='ocrx_word' id='word_1_153' title='bbox 816 2339 924 2424; x_wconf 82' lang='lat' dir='ltr'><strong>tabes,</strong></span> 
     </span>
     <span class='ocr_line' id='line_1_26' title="bbox 42 2421 1112 2513; baseline 0.007 -28"><span class='ocrx_word' id='word_1_154' title='bbox 42 2478 45 2483; x_wconf 95' lang='lat'>.</span> <span class='ocrx_word' id='word_1_155' title='bbox 100 2421 293 2490; x_wconf 80' lang='lat' dir='ltr'><strong>Extremum</strong></span> <span class='ocrx_word' id='word_1_156' title='bbox 317 2424 440 2491; x_wconf 79' lang='lat' dir='ltr'><strong>Christi</strong></span> <span class='ocrx_word' id='word_1_157' title='bbox 462 2432 574 2510; x_wconf 89' lang='lat' dir='ltr'><strong>posset</strong></span> <span class='ocrx_word' id='word_1_158' title='bbox 597 2426 626 2491; x_wconf 90' lang='lat' dir='ltr'><strong>si</strong></span> <span class='ocrx_word' id='word_1_159' title='bbox 648 2431 784 2513; x_wconf 82' lang='lat' dir='ltr'><strong>tangere</strong></span> <span class='ocrx_word' id='word_1_160' title='bbox 806 2432 939 2492; x_wconf 84' lang='lat' dir='ltr'><strong>vestem.</strong></span> <span class='ocrx_word' id='word_1_161' title='bbox 1060 2444 1112 2493; x_wconf 85' lang='grc'><strong>330</strong></span> 
     </span>
     <span class='ocr_line' id='line_1_27' title="bbox 100 2511 983 2601; baseline 0.003 -24"><span class='ocrx_word' id='word_1_162' title='bbox 100 2511 193 2579; x_wconf 86' lang='lat' dir='ltr'><strong>Haec</strong></span> <span class='ocrx_word' id='word_1_163' title='bbox 216 2514 272 2579; x_wconf 90' lang='lat' dir='ltr'><strong>ubi</strong></span> <span class='ocrx_word' id='word_1_164' title='bbox 294 2535 353 2599; x_wconf 86' lang='lat' dir='ltr'><strong>per</strong></span> <span class='ocrx_word' id='word_1_165' title='bbox 375 2515 532 2599; x_wconf 86' lang='lat' dir='ltr'><strong>populum</strong></span> <span class='ocrx_word' id='word_1_166' title='bbox 556 2517 675 2580; x_wconf 90' lang='lat' dir='ltr'><strong>summi</strong></span> <span class='ocrx_word' id='word_1_167' title='bbox 697 2515 872 2601; x_wconf 87' lang='lat' dir='ltr'><strong>pendentia</strong></span> <span class='ocrx_word' id='word_1_168' title='bbox 894 2515 983 2600; x_wconf 90' lang='lat' dir='ltr'><strong>pepli</strong></span> 
     </span>
     <span class='ocr_line' id='line_1_28' title="bbox 99 2598 889 2689; baseline 0.001 -23"><span class='ocrx_word' id='word_1_169' title='bbox 99 2598 175 2666; x_wconf 80' lang='lat' dir='ltr'><strong>Fila</strong></span> <span class='ocrx_word' id='word_1_170' title='bbox 197 2624 296 2667; x_wconf 85' lang='lat' dir='ltr'><strong>manu</strong></span> <span class='ocrx_word' id='word_1_171' title='bbox 318 2603 448 2686; x_wconf 81' lang='lat' dir='ltr'><strong>trepide</strong></span> <span class='ocrx_word' id='word_1_172' title='bbox 469 2605 638 2688; x_wconf 82' lang='lat' dir='ltr'><strong>traetevit,</strong></span> <span class='ocrx_word' id='word_1_173' title='bbox 662 2604 810 2689; x_wconf 88' lang='lat' dir='ltr'><strong>protinus</strong></span> <span class='ocrx_word' id='word_1_174' title='bbox 833 2604 889 2668; x_wconf 91' lang='lat' dir='ltr'><strong>ille</strong></span> 
     </span>
     <span class='ocr_line' id='line_1_29' title="bbox 99 2687 972 2777; baseline 0.003 -24"><span class='ocrx_word' id='word_1_175' title='bbox 99 2687 147 2753; x_wconf 82' lang='lat' dir='ltr'><strong>Et</strong></span> <span class='ocrx_word' id='word_1_176' title='bbox 170 2711 283 2756; x_wconf 78' lang='lat' dir='ltr'><strong>causas</strong></span> <span class='ocrx_word' id='word_1_177' title='bbox 307 2692 414 2756; x_wconf 90' lang='lat' dir='ltr'><strong>morbi</strong></span> <span class='ocrx_word' id='word_1_178' title='bbox 437 2696 471 2757; x_wconf 90' lang='lat' dir='ltr'><strong>et</strong></span> <span class='ocrx_word' id='word_1_179' title='bbox 494 2693 658 2757; x_wconf 88' lang='lat' dir='ltr'><strong>credentia</strong></span> <span class='ocrx_word' id='word_1_180' title='bbox 680 2697 814 2777; x_wconf 89' lang='lat' dir='ltr'><strong>pectora</strong></span> <span class='ocrx_word' id='word_1_181' title='bbox 837 2713 972 2758; x_wconf 87' lang='lat' dir='ltr'><strong>cernens</strong></span> 
     </span>
     <span class='ocr_line' id='line_1_30' title="bbox 102 2775 889 2847; baseline 0.005 -5"><span class='ocrx_word' id='word_1_182' title='bbox 102 2775 273 2844; x_wconf 84' lang='lat' dir='ltr'><strong>Concessit</strong></span> <span class='ocrx_word' id='word_1_183' title='bbox 295 2780 432 2846; x_wconf 87' lang='lat' dir='ltr'><strong>celerem</strong></span> <span class='ocrx_word' id='word_1_184' title='bbox 455 2781 518 2845; x_wconf 89' lang='lat' dir='ltr'><strong>tali</strong></span> <span class='ocrx_word' id='word_1_185' title='bbox 540 2803 613 2847; x_wconf 85' lang='lat' dir='ltr'><strong>curn</strong></span> <span class='ocrx_word' id='word_1_186' title='bbox 636 2802 716 2847; x_wconf 86' lang='lat' dir='ltr'><strong>voce</strong></span> <span class='ocrx_word' id='word_1_187' title='bbox 737 2780 889 2846; x_wconf 79' lang='lat' dir='ltr'><strong>salutem:</strong></span> 
     </span>
    </p>
   </div>
   <div class='ocr_carea' id='block_1_3' title="bbox 98 2935 1121 3222">
    <p class='ocr_par' dir='ltr' id='par_1_4' title="bbox 98 2935 1121 3222">
     <span class='ocr_line' id='line_1_31' title="bbox 167 2935 1112 3008; baseline 0.001 -18"><span class='ocrx_word' id='word_1_188' title='bbox 167 2940 235 3003; x_wconf 84' lang='lat' dir='ltr'><strong>post</strong></span> <span class='ocrx_word' id='word_1_189' title='bbox 252 2941 317 2990; x_wconf 76' lang='lat'><strong>370:</strong></span> <span class='ocrx_word' id='word_1_190' title='bbox 344 2936 492 3006; x_wconf 72' lang='lat' dir='ltr'><strong>Languida</strong></span> <span class='ocrx_word' id='word_1_191' title='bbox 515 2937 676 3008; x_wconf 73' lang='lat' dir='ltr'><strong>concipient</strong></span> <span class='ocrx_word' id='word_1_192' title='bbox 697 2937 799 2991; x_wconf 86' lang='lat' dir='ltr'><strong>animis</strong></span> <span class='ocrx_word' id='word_1_193' title='bbox 821 2935 927 2991; x_wconf 86' lang='lat' dir='ltr'><strong>ieiunia</strong></span> <span class='ocrx_word' id='word_1_194' title='bbox 949 2935 1050 2990; x_wconf 84' lang='lat' dir='ltr'><strong>flentes</strong></span> <span class='ocrx_word' id='word_1_195' title='bbox 1069 2936 1112 3004; x_wconf 83' lang='lat'><strong>0¹,</strong></span> 
     </span>
     <span class='ocr_line' id='line_1_32' title="bbox 98 3006 1117 3090; baseline 0.001 -28"><span class='ocrx_word' id='word_1_196' title='bbox 98 3008 133 3062; x_wconf 77' lang='lat' dir='ltr'><strong>ic</strong></span> <span class='ocrx_word' id='word_1_197' title='bbox 150 3007 276 3076; x_wconf 68' lang='lat' dir='ltr'><strong>scarpim</strong></span> <span class='ocrx_word' id='word_1_198' title='bbox 293 3008 449 3076; x_wconf 80' lang='lat' dir='ltr'><strong>adscriptae</strong></span> <span class='ocrx_word' id='word_1_199' title='bbox 467 3007 510 3075; x_wconf 82' lang='lat' dir='ltr'><strong>M,</strong></span> <span class='ocrx_word' id='word_1_200' title='bbox 529 3014 592 3064; x_wconf 77' lang='lat' dir='ltr'><strong>autc</strong></span> <span class='ocrx_word' id='word_1_201' title='bbox 610 3013 666 3064; x_wconf 87' lang='lat'><strong>370</strong></span> <span class='ocrx_word' id='word_1_202' title='bbox 690 3006 808 3075; x_wconf 84' lang='lat' dir='ltr'><strong>V¹Mat,</strong></span> <span class='ocrx_word' id='word_1_203' title='bbox 825 3023 892 3063; x_wconf 77' lang='lat' dir='ltr'><strong>cers.</strong></span> <span class='ocrx_word' id='word_1_204' title='bbox 910 3007 1025 3090; x_wconf 62' lang='lat' dir='ltr'><strong>spamus</strong></span> <span class='ocrx_word' id='word_1_205' title='bbox 1042 3008 1117 3063; x_wconf 81' lang='lat' dir='ltr'><strong>solue</strong></span> 
     </span>
     <span class='ocr_line' id='line_1_33' title="bbox 99 3077 1121 3204; baseline 0.001 -72"><span class='ocrx_word' id='word_1_206' title='bbox 99 3077 219 3149; x_wconf 66' lang='grc'>311372</span> <span class='ocrx_word' id='word_1_207' title='bbox 237 3077 330 3147; x_wconf 82' lang='lat' dir='ltr'><strong>ruptis</strong></span> <span class='ocrx_word' id='word_1_208' title='bbox 349 3077 466 3146; x_wconf 55' lang='lat' dir='ltr'><strong>Meroe</strong></span> <span class='ocrx_word' id='word_1_209' title='bbox 490 3079 615 3149; x_wconf 90' lang='lat' dir='ltr'><strong>utrisque</strong></span> <span class='ocrx_word' id='word_1_210' title='bbox 634 3077 674 3132; x_wconf 89' lang='lat' dir='ltr'><strong><em>M</em></strong></span> <span class='ocrx_word' id='word_1_211' title='bbox 687 3080 731 3148; x_wconf 78' lang='lat' dir='ltr'><strong>(ic</strong></span> <span class='ocrx_word' id='word_1_212' title='bbox 748 3094 833 3148; x_wconf 72' lang='lat' dir='ltr'><strong>marc.</strong></span> <span class='ocrx_word' id='word_1_213' title='bbox 852 3080 953 3148; x_wconf 80' lang='lat' dir='ltr'><strong>turpis)</strong></span> <span class='ocrx_word' id='word_1_214' title='bbox 969 3081 974 3146; x_wconf 91' lang='grc' dir='ltr'>Ι</span> <span class='ocrx_word' id='word_1_215' title='bbox 983 3077 1069 3204; x_wconf 53' lang='grc'>810707</span> <span class='ocrx_word' id='word_1_216' title='bbox 1082 3078 1121 3133; x_wconf 82' lang='grc' dir='ltr'><strong>Μ</strong></span> 
     </span>
     <span class='ocr_line' id='line_1_34' title="bbox 98 3147 963 3222; baseline -0.008 -13"><span class='ocrx_word' id='word_1_217' title='bbox 98 3152 152 3221; x_wconf 53' lang='grc' dir='ltr'><strong>Εἴ</strong></span> <span class='ocrx_word' id='word_1_218' title='bbox 179 3151 261 3222; x_wconf 87' lang='lat' dir='ltr'><strong>peius</strong></span> <span class='ocrx_word' id='word_1_219' title='bbox 280 3147 383 3203; x_wconf 64' lang='grc'>0110*</span> <span class='ocrx_word' id='word_1_220' title='bbox 402 3149 456 3204; x_wconf 77' lang='lat' dir='ltr'><strong>dio.</strong></span> <span class='ocrx_word' id='word_1_221' title='bbox 474 3166 526 3206; x_wconf 84' lang='lat' dir='ltr'><strong>scr.</strong></span> <span class='ocrx_word' id='word_1_222' title='bbox 546 3153 578 3205; x_wconf 79' lang='lat' dir='ltr'><strong>ic</strong></span> <span class='ocrx_word' id='word_1_223' title='bbox 595 3149 634 3203; x_wconf 86' lang='grc' dir='ltr'><em>Μ</em></span> <span class='ocrx_word' id='word_1_224' title='bbox 650 3155 656 3218; x_wconf 89' lang='grc' dir='ltr'>Ι</span> <span class='ocrx_word' id='word_1_225' title='bbox 676 3150 963 3219; x_wconf 84' lang='lat' dir='ltr'><strong>‘patescet‘notetnr‘</strong></span> 
     </span>
    </p>
   </div>
   <div class='ocr_carea' id='block_1_4' title="bbox 98 3151 1118 3293">
    <p class='ocr_par' dir='ltr' id='par_1_5' title="bbox 98 3151 1118 3303">
     <span class='ocr_line' id='line_1_35' title="bbox 98 3151 1118 3293; baseline -0.004 -15"><span class='ocrx_word' id='word_1_226' title='bbox 98 3237 249 3293; x_wconf 79' lang='lat' dir='ltr'><strong>percussus</strong></span> <span class='ocrx_word' id='word_1_227' title='bbox 259 3219 371 3286; x_wconf 78' lang='lat' dir='ltr'><strong>0¹Mat,</strong></span> <span class='ocrx_word' id='word_1_228' title='bbox 388 3219 532 3288; x_wconf 82' lang='lat' dir='ltr'><strong>perculsus</strong></span> <span class='ocrx_word' id='word_1_229' title='bbox 545 3223 556 3291; x_wconf 71' lang='lat' dir='ltr'>fl</span> <span class='ocrx_word' id='word_1_230' title='bbox 569 3225 621 3275; x_wconf 79' lang='grc'><strong>380</strong></span> <span class='ocrx_word' id='word_1_231' title='bbox 639 3235 785 3275; x_wconf 79' lang='lat' dir='ltr'><strong>macerans</strong></span> <span class='ocrx_word' id='word_1_232' title='bbox 801 3218 824 3273; x_wconf 91' lang='lat' dir='ltr'><em>O</em></span> <span class='ocrx_word' id='word_1_233' title='bbox 843 3236 1007 3291; x_wconf 74' lang='lat' dir='ltr'><strong>quemquam</strong></span> <span class='ocrx_word' id='word_1_234' title='bbox 1022 3151 1118 3290; x_wconf 57' lang='lat' dir='ltr'><strong>didi</strong></span> 
     </span>
    </p>
   </div>
   <div class='ocr_carea' id='block_1_5' title="bbox 97 3288 1118 3504">
    <p class='ocr_par' dir='ltr' id='par_1_6' title="bbox 97 3288 1118 3504">
     <span class='ocr_line' id='line_1_36' title="bbox 98 3288 1118 3420; baseline -0.006 -70"><span class='ocrx_word' id='word_1_235' title='bbox 98 3296 161 3365; x_wconf 74' lang='lat' dir='ltr'><strong>eyn.</strong></span> <span class='ocrx_word' id='word_1_236' title='bbox 171 3293 354 3420; x_wconf 55' lang='lat' dir='ltr'><strong>gredentia,</strong></span> <span class='ocrx_word' id='word_1_237' title='bbox 372 3305 490 3345; x_wconf 80' lang='lat' dir='ltr'><strong>manens</strong></span> <span class='ocrx_word' id='word_1_238' title='bbox 507 3291 626 3361; x_wconf 73' lang='lat' dir='ltr'><strong>Kocciy,</strong></span> <span class='ocrx_word' id='word_1_239' title='bbox 651 3290 779 3346; x_wconf 80' lang='lat' dir='ltr'><strong>lacerans</strong></span> <span class='ocrx_word' id='word_1_240' title='bbox 797 3288 947 3373; x_wconf 57' lang='lat' dir='ltr'><strong>Areum</strong></span> <span class='ocrx_word' id='word_1_241' title='bbox 976 3290 1118 3370; x_wconf 68' lang='lat' dir='ltr'><strong>0¹1&gt;ch</strong></span> 
     </span>
     <span class='ocr_line' id='line_1_37' title="bbox 97 3358 1116 3432; baseline -0.008 -12"><span class='ocrx_word' id='word_1_242' title='bbox 97 3366 153 3420; x_wconf 69' lang='lat' dir='ltr'><strong>siet</strong></span> <span class='ocrx_word' id='word_1_243' title='bbox 193 3362 315 3432; x_wconf 84' lang='lat' dir='ltr'><strong>erpebat</strong></span> <span class='ocrx_word' id='word_1_244' title='bbox 328 3361 441 3417; x_wconf 86' lang='lat' dir='ltr'><strong>soluens</strong></span> <span class='ocrx_word' id='word_1_245' title='bbox 451 3361 563 3417; x_wconf 85' lang='lat' dir='ltr'><strong>morbos</strong></span> <span class='ocrx_word' id='word_1_246' title='bbox 576 3362 684 3431; x_wconf 86' lang='lat' dir='ltr'><strong>pallore</strong></span> <span class='ocrx_word' id='word_1_247' title='bbox 696 3358 803 3419; x_wconf 69' lang='lat' dir='ltr'><strong>virenti</strong></span> <span class='ocrx_word' id='word_1_248' title='bbox 815 3360 947 3416; x_wconf 75' lang='lat' dir='ltr'><strong>sVnnbus</strong></span> <span class='ocrx_word' id='word_1_249' title='bbox 959 3361 1116 3428; x_wconf 83' lang='lat' dir='ltr'><strong>absumptre</strong></span> 
     </span>
     <span class='ocr_line' id='line_1_38' title="bbox 100 3430 1116 3504; baseline -0.003 -15"><span class='ocrx_word' id='word_1_250' title='bbox 100 3437 131 3489; x_wconf 89' lang='lat' dir='ltr'><strong>et</strong></span> <span class='ocrx_word' id='word_1_251' title='bbox 154 3438 185 3491; x_wconf 93' lang='lat' dir='ltr'><strong>to</strong></span> <span class='ocrx_word' id='word_1_252' title='bbox 209 3447 326 3504; x_wconf 85' lang='lat' dir='ltr'><strong>corpore</strong></span> <span class='ocrx_word' id='word_1_253' title='bbox 349 3431 422 3487; x_wconf 69' lang='lat' dir='ltr'><strong>fessi</strong></span> <span class='ocrx_word' id='word_1_254' title='bbox 437 3447 448 3487; x_wconf 77' lang='lat' dir='ltr'><strong>s</strong></span> <span class='ocrx_word' id='word_1_255' title='bbox 463 3431 600 3501; x_wconf 87' lang='lat' dir='ltr'><strong>Viscerib;</strong></span> <span class='ocrx_word' id='word_1_256' title='bbox 624 3431 705 3487; x_wconf 87' lang='lat' dir='ltr'><strong>siccis</strong></span> <span class='ocrx_word' id='word_1_257' title='bbox 729 3432 805 3487; x_wconf 85' lang='lat' dir='ltr'><strong>fluxu</strong></span> <span class='ocrx_word' id='word_1_258' title='bbox 828 3430 888 3486; x_wconf 86' lang='lat' dir='ltr'><strong>sine</strong></span> <span class='ocrx_word' id='word_1_259' title='bbox 910 3432 965 3485; x_wconf 86' lang='lat' dir='ltr'><strong>fine</strong></span> <span class='ocrx_word' id='word_1_260' title='bbox 984 3430 1116 3486; x_wconf 80' lang='lat' dir='ltr'><strong>emoriar</strong></span> 
     </span>
    </p>
   </div>
   <div class='ocr_carea' id='block_1_6' title="bbox 97 3505 293 3562">
    <p class='ocr_par' dir='ltr' id='par_1_7' title="bbox 97 3505 293 3562">
     <span class='ocr_line' id='line_1_39' title="bbox 97 3505 293 3562; baseline -0.005 -2"><span class='ocrx_word' id='word_1_261' title='bbox 97 3505 226 3562; x_wconf 81' lang='lat' dir='ltr'><strong>Pectoris</strong></span> <span class='ocrx_word' id='word_1_262' title='bbox 245 3512 293 3562; x_wconf 82' lang='lat' dir='ltr'><strong>etc.</strong></span> 
     </span>
    </p>
   </div>
   <div class='ocr_carea' id='block_1_7' title="bbox 0 0 1304 3934">
    <p class='ocr_par' dir='ltr' id='par_1_8' title="bbox 0 0 1304 3934">
     <span class='ocr_line' id='line_1_40' title="bbox 0 0 1304 3934; baseline 0 0"><span class='ocrx_word' id='word_1_263' title='bbox 0 0 1304 3934; x_wconf 95' lang='lat' dir='ltr'><strong> </strong></span> 
     </span>
    </p>
   </div>
  </div>
 </body>
</html>
