2600 3934
162 164 206 230 60
578 161 689 217 urens
706 161 753 218 111.

168 309 358 374 Transierat
379 308 513 374 tandem
536 308 666 372 sulcans
688 306 773 372 freta
795 305 921 372 fervida
943 306 1064 391 puppis

167 398 388 482 Optatumque
412 396 522 481 gravis
546 396 794 481 comprenderat
816 416 936 459 ancora
958 398 1099 478 portum.

169 484 376 551 Conveniunt
397 484 512 570 populi
534 484 648 568 rapido
671 505 730 568 per
752 484 852 548 litora
875 504 970 548 cursu

166 574 341 639 Portantes
366 594 481 658 aegros
504 573 671 658 vestisque
695 572 857 659 attingere
880 571 938 635 fila
1131 587 1185 637 130

166 662 324 727 Extrema
347 666 505 745 exoptant
527 661 675 745 miroque
697 661 760 726 hoc
783 679 916 724 munere
939 659 1047 723 cuncti

168 748 345 815 Credentes
368 751 514 814 referunt
536 750 667 833 plenam
691 770 751 834 per
773 748 920 814 membra
942 746 1091 812 salutem.

213 838 298 903 Ecce
322 837 490 902 Pharisaei
514 839 702 922 scribaeque
724 837 801 901 hino
823 836 898 900 inde
921 835 1025 901 dolosi

167 924 348 1008 Captantes
371 925 541 992 Christum
562 928 720 1011 promunt
741 924 874 990 fallacia
897 923 997 988 dicta:

167 1012 257 1098 „Cur
280 1018 339 1079 tua
362 1013 542 1098 discipulos
567 1014 691 1098 patitur
714 1013 861 1077 doctrina
883 1012 994 1076 labare
1137 1029 1189 1079 135

169 1101 356 1187 Praeceptis
379 1101 549 1167 veterum?
571 1101 722 1166 manibus
746 1121 826 1186 quos
849 1122 927 1165 cura
949 1100 1098 1166 lavandis

168 1189 359 1273 Praeteriit,
382 1193 580 1275 sumantque
604 1190 701 1254 simul
725 1211 798 1254 cum
823 1188 973 1254 sordibus
997 1189 1118 1254 escas.“

170 1278 234 1343 Ille
258 1279 319 1344 sub
342 1278 424 1343 haec
446 1276 548 1344 fatur:
570 1277 700 1363 „Magis
722 1277 785 1343 hcc
803 1282 854 1341 est
872 1297 1026 1363 quaerere
1044 1278 1191 1366 dignum,

171 1366 385 1453 Transgressi
408 1370 583 1451 praecepta
605 1365 668 1430 Dei
690 1365 777 1449 quod
799 1366 937 1449 proditis
960 1387 1081 1432 omnes.

168 1452 320 1540 Namque
343 1454 432 1520 Deus
455 1458 597 1519 mortem
623 1455 727 1519 defixa
750 1455 822 1540 lege
846 1454 1000 1539 minatur,
1034 1477 1036 1482 ’
1138 1472 1189 1521 140

169 1541 203 1607 Si
228 1543 359 1630 genitor
381 1543 530 1627 cuiquam
554 1543 655 1608 verbo
679 1543 828 1607 laedatur
850 1561 961 1608 amaro

168 1626 231 1695 Vel
255 1632 404 1716 genetrix
426 1630 498 1695 nati
519 1631 629 1696 verbis
652 1632 799 1716 pulsetur
822 1630 957 1696 acerbis.

167 1718 274 1783 Inrita
296 1740 356 1784 vos
379 1719 481 1784 istaec
505 1719 612 1784 facitis
635 1741 788 1804 perversa
811 1719 965 1785 docendo.

168 1803 273 1881 Quam
296 1805 474 1872 manifesta
494 1807 610 1893 vigent
633 1808 672 1872 dc
695 1807 789 1873 vobis
813 1807 900 1873 dicta
922 1808 1117 1893 prophetae:

167 1893 221 1959 Me
244 1895 385 1979 populus
410 1897 546 1959 summis
569 1897 665 1960 labiis
690 1896 844 1960 sublimat
866 1897 1004 1990 hqnore,
1132 1914 1183 1963 145

157 1979 228 2064 ‚sed
254 1983 384 2048 diversa
406 1985 520 2067 procul
542 1984 649 2049 cordis
673 1988 797 2049 secreta
821 1988 999 2068 pererrant.

167 2069 316 2156 Accipite
340 2093 419 2158 ergo
444 2093 555 2136 omnes
580 2094 739 2157 auresque
762 2073 922 2138 advertite
948 2073 1068 2138 cordis:

167 2158 244 2223 Non
268 2159 374 2225 inlata
396 2159 521 2225 homini
543 2160 666 2225 facerint
689 2182 924 2245 quaecumque,
946 2161 1106 2245 pudendis

169 2245 326 2312 Sardibus
350 2252 525 2335 aspergent
546 2245 675 2315 vitaeve
698 2249 848 2315 animove
872 2249 1038 2314 sedebunt.
1086 2297 1088 2301 -

167 2334 355 2419 Erumpunt
377 2336 545 2401 hominum
570 2337 625 2401 sed
649 2359 731 2422 quae
755 2338 976 2421 penetralibus
1000 2338 1079 2423 cris,
1134 2355 1185 2405 1⁶0

165 2422 333 2488 Internum
356 2426 474 2488 misere
498 2426 711 2490 maculabunt
734 2427 822 2490 edita
844 2426 1014 2491 mentem.“

166 2509 330 2595 Discipuli
353 2511 486 2578 Christo
509 2517 706 2598 memorant,
729 2514 815 2598 quod
840 2516 940 2580 verba
963 2516 1126 2602 loquentis

167 2598 303 2664 Occulto
327 2600 496 2665 traherent
520 2601 699 2666 scribarum
722 2606 857 2686 pectora
879 2606 957 2668 risu.

167 2687 228 2752 Ille
252 2688 380 2755 dehinc:
403 2687 564 2773 „Genitor
586 2690 773 2774 plantarum
798 2691 924 2757 semina
945 2696 1059 2758 noster

169 2775 260 2852 Quae
282 2799 349 2842 non
371 2778 440 2863 ipse
464 2777 515 2843 sui
538 2781 686 2845 consevit
706 2782 741 2844 in
764 2801 905 2864 aequore
928 2782 1027 2866 ruris,
1135 2797 1182 2847 155

168 2865 299 2930 Abiciet
322 2869 452 2951 penitus
476 2866 640 2932 radicibus
665 2872 757 2932 eruta
779 2869 886 2955 longe.

168 2950 307 3018 Caecum
330 2954 417 3020 forte
440 2955 554 3020 ducem
578 2976 693 3021 caecus
717 2957 884 3022 sinuatus
908 2958 1050 3041 oberret,

167 3039 301 3105 Desidet
322 3043 357 3106 in
378 3041 508 3109 foveam
531 3043 656 3129 pariter
679 3044 846 3110 demersus
868 3044 1032 3129 uterque“

239 3219 288 3268 136
302 3229 369 3268 nam
383 3230 451 3270 cura
459 3217 525 3273 MR
539 3220 548 3289 ΙΙ
563 3224 613 3274 les
632 3219 784 3274 Praeteriit
801 3221 969 3286 sumantque
987 3217 1025 3286 A,
1042 3220 1180 3290 praeterit

166 3300 235 3337 sum.
257 3283 299 3350 0¹,
321 3283 463 3341 Praeterit
480 3290 539 3343 abs.
560 3290 597 3342 M
606 3289 706 3355 VBer‚
729 3288 869 3345 Praeterit
887 3290 946 3344 abs.
964 3291 1007 3345 cel
1025 3307 1078 3345 ass.
1100 3293 1112 3362 l
1133 3297 1183 3346 142

165 3352 314 3420 verbis01,
333 3355 418 3408 dictis
432 3359 442 3427 Ιι
456 3362 507 3411 168
521 3363 639 3428 carpant
655 3359 693 3414 1⁷¹
706 3377 768 3414 eam
781 3362 871 3430 plossa
885 3359 1049 3430 dehebant,
1067 3365 1187 3433 captant

166 3422 233 3476 Mat
251 3425 316 3493 (dio.
335 3440 386 3480 scr.
407 3430 533 3497 carpant)
553 3429 564 3497 fl
587 3433 637 3483 157
658 3429 779 3485 Caecum
795 3462 828 3471 —
843 3447 942 3487 caecus
962 3431 996 3488 0¹
1006 3434 1035 3488 A
1044 3432 1185 3502 MatBer,

167 3489 271 3546 Caeam
285 3525 319 3534 -
334 3510 449 3550 caecum
