2600 3934
514 174 547 230 V.
570 180 719 230 lea-269.
755 223 761 234 .

104 317 235 383 Dicitis·
258 317 422 386 Adveniet
444 323 581 384 ventura
603 320 674 385 luce
698 341 854 386 serenum.

104 406 238 492 Iamque
262 405 323 472 sub
346 412 461 473 exortu
484 408 563 472 solis
587 408 643 472 ubi
666 409 753 475 trist'
745 429 777 474 ra
729 410 899 492 trubro

102 493 227 560 Nubila
249 497 429 561 miscentur
451 497 588 561 confusa
609 498 681 560 luce
704 497 832 580 colori,

103 582 223 648 Dicitis
230 579 416 670 ‚agricolis
438 579 611 669 nautisque
634 586 745 649 venire
767 548 935 671 fragosam

101 634 285 737 Ventorum
308 672 432 736 rabiem
454 676 752 758 tempestatumque
773 671 910 739 furores
1065 693 1118 742 230

102 758 266 843 Fallaces,
288 762 395 825 nostis
416 760 535 825 faciem
558 761 740 826 disaermre
763 762 859 843 caeli,

103 810 291 914 Sueoloruin
313 869 394 914 vero
414 849 547 914 nescitis
571 853 721 951 tempora
744 814 859 934 signis

102 936 295 1021 Explorate
308 937 414 1002 anisi
433 933 498 1002 Sed
520 933 615 1003 vobis
640 938 741 1028 signa
757 938 928 1021 dabuntur,

103 1023 192 1100 Quae
216 1026 317 1090 meris
340 1025 498 1094 immenso
522 1026 687 1110 quondam
710 1045 826 1091 venere
849 990 1023 1114 profirndo‚

101 1111 207 1178 Belua
230 1133 302 1179 cum
325 1115 433 1180 tenuit
454 1115 578 1184 ventris
603 1114 664 1178 sub
687 1123 815 1180 earcere
838 1116 974 1181 vatemf‘
1064 1133 1116 1183 235

100 1200 193 1267 Haec
215 1202 263 1267 ait
285 1208 318 1268 et
341 1221 476 1287 propere
496 1204 619 1288 puppis
641 1203 823 1268 retinacula
846 1205 974 1269 solvens

101 1289 206 1356 Trans
229 1290 315 1355 freta
337 1290 504 1357 contendit
524 1291 642 1393 rapido
666 1291 895 1375 comprendere
918 1312 1015 1359 cursu

100 1378 192 1444 Arva
214 1377 443 1466 Philipporum
464 1380 626 1464 sociisque
648 1379 730 1445 haec
752 1381 832 1445 talia
854 1382 956 1447 fatur:
1034 1419 1035 1422 =

98 1465 272 1551 „Sollicite
294 1469 388 1533 vebis
412 1469 558 1533 vitentur
580 1469 679 1533 noxia
701 1468 790 1534 farra

98 1517 375 1641 'Fermentumque
397 1556 489 1622 ferox
511 1556 631 1622 vestris
654 1557 792 1622 avertite
815 1559 945 1623 mensis
1064 1575 1119 1625 240

71 1651 74 1656 ’
99 1644 165 1709 Illa
187 1644 356 1711 Pharisaei
378 1642 622 1730 Sadducaeique
644 1645 749 1711 dolosi

102 1732 295 1799 Admiscent
318 1733 401 1799 escis
421 1733 641 1819 falluntque
631 1755 667 1798 m
690 1733 823 1799 nomine
844 1736 946 1819 panis.

101 1819 168 1887 Cur
190 1822 285 1888 robis
308 1822 426 1887 tacitas
449 1822 555 1888 voluit
577 1823 742 1888 cunctatio
766 1824 916 1888 mentes?

100 1909 204 1975 Prohl
228 1933 324 1996 quam
340 1932 460 2013 ..parva
472 1911 553 1976 fides
575 1932 674 1977 sensu
696 1914 848 1996 torpente
830 1912 1008 1978 efatiseitl

102 1998 219 2064 Dicitis
244 1999 363 2084 aversi,
385 1999 461 2065 navi
486 1999 571 2084 qnod
594 1999 711 2065 tollere
734 2021 834 2084 panes
1062 2018 1115 2067 245

99 2086 176 2153 Non
198 2087 299 2154 fuerit
320 2051 414 2154 vdbis
436 2108 574 2153 vacuum
597 2087 760 2172 farrisque
782 2087 943 2153 cavendas

99 2175 240 2242 Insidias
263 2167 406 2260 iubeam3
430 2176 616 2241 meminisse
640 2179 674 2241 et
696 2178 779 2241 seire
801 2177 973 2261 putabam,

100 2263 195 2340 Quod
217 2286 318 2349 panes
342 2265 484 2349 quinque
507 2264 613 2350 plebis
637 2264 719 2329 mihi
741 2265 833 2329 milia
856 2266 997 2350 quinque

100 2351 272 2438 Implerint
295 2354 432 2439 dapibus
457 2352 669 2439 cophinisque
693 2353 855 2437 superflua
877 2355 980 2419 tantis

98 2440 298 2527 Fragmenta
322 2441 363 2507 ad
386 2442 552 2508 cumulum
573 2442 697 2506 fuerint
719 2443 857 2508 collecta
879 2442 1038 2529 ciborum,
1061 2460 1115 2511 roo

100 2529 264 2606 Quattuor
287 2534 320 2596 et
342 2552 472 2596 rursum
494 2534 668 2595 conantum
690 2530 783 2595 milia
805 2552 906 2616 panes

99 2616 193 2693 Quod
214 2618 311 2685 facile
333 2618 502 2703 implerint
524 2623 649 2704 septem
673 2623 866 2704 sportasque
889 2619 1004 2685 referri

98 2706 239 2772 Vidistis
262 2729 374 2773 rursus
398 2707 578 2793 completas
601 2708 821 2791 reliquiarum.

99 2794 163 2860 Sed
186 2817 303 2862 moneo
326 2796 466 2862 istorum
490 2816 618 2880 semper
639 2796 803 2861 fermenta
826 2796 974 2862 cavere.“

93 2882 260 2970 Discipuli
283 2884 416 2949 tandem
438 2884 555 2950 vitalia
577 2884 677 2950 verba
700 2884 804 2949 secuti
1062 2900 1114 2951 2⁶5

98 2971 293 3044 Doctrinam
316 2977 452 3040 cernunt
472 2972 625 3038 fermenti
647 2973 779 3038 nomine
803 2973 932 3038 dictam

142 3060 223 3127 Inde
244 3063 303 3127 nbi
326 3065 518 3146 perventum
542 3061 657 3146 liquidi
679 3083 739 3145 per
760 3066 856 3147 terga
878 3060 1031 3145 profundi

100 3147 211 3235 Olera,
233 3149 425 3236 Philippaeo
450 3172 532 3236 quae
555 3150 682 3235 pollent
704 3150 850 3235 nomine,
872 3172 963 3235 rura,

99 3235 199 3324 Cogit
222 3239 396 3306 concilium
415 3244 603 3305 sectantum
625 3239 855 3325 discipulorum

168 3453 222 3504 227
240 3447 291 3503 ubi
311 3448 343 3506 0¹
355 3409 401 3518 V¹‚
420 3468 444 3505 s1
435 3449 467 3531 ΙΙ
480 3453 534 3504 244
551 3450 674 3521 patescit
693 3450 731 3503 M
746 3450 757 3519 l
774 3454 827 3504 245
847 3447 958 3504 adversi
981 3446 1018 3502 V¹
1031 3448 1106 3516 ΗΜ

98 3536 194 3575 rursus
213 3520 251 3575 M
260 3523 271 3591 Ι]
284 3525 337 3575 254
355 3519 451 3577 caveri
469 3522 508 3576 M
