2600 3934
523 175 557 232 V.
577 183 727 233 tos-572.
1083 176 1134 243 9Ὶ

113 322 162 387 At
184 320 301 385 Petrus
325 321 424 406 longe
446 342 579 386 servans
603 322 742 405 vestigia
765 323 854 388 solus

114 410 248 476 Occulte
271 412 415 474 maestus
439 410 522 475 sedit
546 432 618 475 cum
640 410 736 495 plebe
760 411 910 475 ministra
1077 427 1130 476 540

112 498 309 565 Extremum
332 499 503 582 opperiens
526 501 620 564 tanto
644 499 705 564 sub
727 499 858 563 turbine
881 499 986 564 finem.
1136 506 1149 520 ⁸

113 587 199 652 Ecce
222 585 407 653 sacerdotes
429 585 533 652 falses
556 588 746 672 conquirere
769 591 870 652 testes

113 674 312 741 Incumbunt
332 675 489 759 fictasque
512 676 628 740 volunt
652 679 822 741 conterere
845 696 970 758 causas,

115 764 195 841 Quis
219 766 359 829 mortem
381 763 505 829 insonti
527 767 662 848 possent
684 764 838 847 inponere
861 762 1001 830 Christo.

115 851 178 917 Sed
200 853 312 918 nullus
335 856 430 918 tento
453 852 543 917 visus
568 851 647 917 satis
670 873 744 917 esse
764 851 876 916 furori.
1078 870 1129 919 545

114 940 244 1006 Ultima
266 940 441 1024 prosiliunt
463 944 577 1024 testas,
601 940 658 1025 qui
681 940 785 1006 dicere
807 940 917 1005 Iesum

115 1029 308 1114 Audissent,
331 1029 490 1113 templum
513 1028 599 1113 qued
622 1030 711 1094 solus
735 1033 862 1094 vertere
884 1033 997 1113 posset

114 1118 162 1183 Et
186 1139 315 1184 versum
338 1117 434 1182 trinis
456 1117 576 1183 iterum
599 1119 783 1183 instaurare
805 1117 928 1185 diebus.

114 1205 190 1290 Ipse
214 1206 419 1272 sacerdotum
442 1207 592 1291 princeps
615 1225 732 1292 urgere
754 1209 916 1273 tacentem

113 1294 246 1360 Insistit
268 1294 420 1360 frendens
442 1295 535 1361 furiis
557 1316 597 1360 ac
619 1296 701 1360 talia
722 1294 828 1360 fatur:
1078 1314 1129 1363 550

112 1381 205 1467 „Cur
226 1383 310 1448 nihil
334 1385 375 1448 ad
397 1386 508 1449 tantas
531 1405 616 1448 nunc
638 1383 834 1468 respondere
856 1384 1018 1468 querellas

115 1470 294 1538 Convictus
318 1472 403 1538 veris
426 1493 596 1557 procerum
614 1473 681 1537 sub
704 1471 845 1536 testibus
868 1472 990 1537 audes?
1050 1504 1052 1507 ·

115 1559 286 1626 Adiurabo
309 1565 420 1626 tamen
443 1561 562 1628 summi
585 1581 644 1647 per
666 1581 769 1646 regna
791 1561 951 1644 tonantis,

114 1648 164 1714 Ut
187 1649 311 1715 fateare
333 1650 456 1735 palam,
481 1649 509 1714 si
531 1649 582 1714 fas
605 1653 639 1715 te
662 1649 791 1715 credere
810 1646 1009 1715 Christum.“

113 1736 177 1801 Ille
201 1738 318 1804 debinc
337 1739 401 1803 tali
423 1737 598 1821 compellat
620 1759 699 1804 voce
723 1738 911 1822 superbum:
1077 1754 1129 1804 555

113 1825 247 1909 „Istaec
270 1829 341 1892 sola
363 1827 426 1892 tibi
449 1826 628 1913 procedunt
650 1831 780 1912 peatore
806 1827 904 1891 verba

113 1913 204 1979 Vera
226 1920 298 1999 tu03
321 1915 429 1980 veniet
452 1915 546 1981 vobis
566 1910 703 1981 visenda
723 1937 784 2000 per
805 1935 902 1979 auras

113 2001 271 2068 Maiestas
294 2004 398 2088 prolis
421 2004 577 2087 hominis,
598 2025 674 2069 cum
697 2003 828 2068 dextera
852 2006 983 2068 sanctae

114 2090 244 2157 Virtuti
266 2092 393 2158 adsidet
415 2092 475 2158 sub
494 2092 639 2157 »nabibus
662 2091 880 2178 ignicoloris.“

115 2180 252 2246 Talibus
280 2181 399 2247 cuditis
423 2181 543 2246 scindit
565 2180 604 2245 de
627 2187 757 2264 pectore
779 2184 904 2245 vestem
1078 2195 1131 2246 560

114 2268 277 2335 Exultans
299 2269 394 2335 furiis
415 2273 450 2335 et
473 2290 567 2334 caeco
591 2268 686 2334 eorde
710 2268 859 2334 sacerdos

116 2356 226 2442 Atque
249 2360 309 2424 ait:
331 2358 499 2443 „Audistis
522 2357 702 2450 pugnantis
724 2357 819 2423 foeda
842 2355 971 2441 profani

115 2444 227 2512 Verba
251 2446 335 2533 Deo3
356 2448 484 2533 polluta
506 2447 612 2533 magis
634 2449 811 2531 consurgat
833 2446 957 2509 inires

115 2533 248 2621 Religio
273 2539 306 2601 et
327 2539 471 2601 vestram
494 2536 603 2600 cuncti
625 2535 693 2601 ism
715 2533 849 2619 pandite
872 2534 1041 2600 mentcm“

118 2620 333 2690 Conclamant
356 2646 469 2690 omnes
491 2624 654 2708 mortique
677 2622 824 2689 addicere
847 2626 979 2688 comant
1078 2637 1130 2689 565

116 2711 202 2776 Tum
226 2717 373 2779 sanctam
396 2712 520 2779 Christi
541 2712 661 2777 faciem
685 2714 781 2796 sputa
798 2712 947 2795 improbe
966 2712 1130 2795 complent

115 2800 162 2865 Et
184 2802 313 2886 palmae
337 2802 431 2867 melis
455 2801 648 2886 colaphique
671 2800 706 2865 in
728 2800 848 2865 vertice
871 2799 977 2865 crebri

115 2888 285 2955 Insultant
307 2891 479 2974 verbisque
502 2911 613 2955 omnes
637 2888 782 2954 inludere
806 2887 944 2952 certant:

114 2976 285 3063 „Christa,
308 2978 534 3063 prophetabis,
558 2979 648 3044 auius
668 2977 734 3042 tibi
757 2977 867 3063 palma
890 2975 1051 3041 sonarit!“

161 3065 208 3130 At
230 3066 365 3132 Petrum
388 3068 505 3134 mulier
527 3067 658 3132 tristem
681 3067 767 3151 quod
789 3065 916 3141 viderat
938 3066 1041 3151 intus,
1078 3083 1130 3133 5⁷0

115 3153 225 3235 „Tune
248 3156 363 3240 etiam,
385 3157 522 3241 iuvenis,
546 3156 655 3220 fueras
678 3176 785 3220 comes
810 3153 951 3237 additus,
973 3156 1094 3239 inquit,

117 3241 194 3328 Isti,
218 3266 314 3330 quem
337 3245 451 3310 ludens
474 3265 644 3329 procerum
668 3242 830 3309 sententia
852 3242 1031 3308 damnet?“

190 3385 244 3438 546
262 3380 368 3438 Ultima
386 3383 473 3453 RH}
490 3382 632 3438 Christum
650 3382 722 3437 ΕΜ
740 3386 750 3451 ΙΙ
773 3387 825 3437 550
843 3381 953 3437 fervens
971 3382 1042 3436 ΒΜ
1050 3384 1060 3450 [Ι
1078 3388 1130 3437 561

115 3451 234 3509 Exultat
253 3455 302 3522 Μ,
325 3454 466 3510 Insultans
484 3455 559 3522 ΒΑ,
584 3454 707 3508 Insultat
731 3453 767 3507 V¹
781 3455 790 3523 l
804 3459 855 3508 565
875 3451 986 3508 Auditis
1006 3453 1131 3523 515566

116 3523 201 3616 malis
219 3525 286 3581 MR
299 3526 309 3595 ll
324 3531 374 3581 567
393 3524 424 3581 iu
442 3525 525 3581 malis
545 3525 583 3579 0¹
596 3528 607 3595 l
620 3530 673 3580 569
692 3525 806 3580 sonaret
822 3522 905 3578 ΒΜ*

170 3625 294 3666 Iuvencus.
956 3617 970 3666 7
