2600 3934
172 116 215 182 88
590 114 701 170 LIBER
718 117 765 171 lV.

173 262 236 339 Qui
258 265 396 327 meteres
421 264 546 347 segetes
570 260 677 326 alieno
700 259 822 325 semine
845 263 964 345 cretas,

148 350 334 435 'Extimui,
358 354 593 435 argentumque
616 355 710 415 tuum
733 348 923 414 concredere
947 353 1053 414 terrae

173 438 290 523 Malui,
314 439 399 523 quod
424 438 550 503 salvum
575 460 703 521 semper
725 437 788 502 tibi
810 437 942 502 reddere
966 459 1108 521 possem.
1152 453 1156 461 ·

173 527 257 593 Tum
280 527 428 594 domiuus
451 527 574 594 famulo
598 526 797 612 respondens
821 525 942 590 talibus
964 526 1052 592 infit:
1135 542 1210 612 24⁶,

174 614 209 681 Si
231 616 357 681 nescire
381 637 470 681 meos
495 615 628 680 auderes
653 615 758 680 dicere
781 636 902 697 mores,
953 612 957 619 ’

172 703 346 789 Nequitiae
369 708 481 769 tantae
504 704 633 769 veniam
656 703 830 770 concedere
853 724 993 788 possem.

171 791 244 860 Hoc
268 793 367 859 etiam
390 814 528 878 gnarum
549 793 659 877 potius
682 795 849 877 praestare
873 792 1022 876 decebat,

172 880 220 947 Ut
241 881 385 947 fructum
406 881 503 954 nobis
526 885 670 946 tractata
692 882 829 966 pecunia
851 879 963 946 ferret.
1281 943 1282 964 ,

175 969 382 1055 Quapropter
405 971 497 1054 segni
520 970 659 1034 tollatur
681 970 790 1054 portio
813 969 918 1034 nost'
1135 985 1188 1035 aso

172 1057 392 1145 Prudentique
416 1058 532 1123 dehinc
555 1058 648 1123 detur
671 1058 837 1144 possessio
860 1058 975 1143 maior,
1281 1053 1282 1062 ’

174 1146 277 1224 Quem
301 1147 407 1232 duplis
431 1147 613 1212 cumulasse
635 1147 736 1212 lucris
759 1168 832 1211 mea
855 1147 996 1232 quinque
1016 1147 1146 1211 talenta

65 1295 67 1300 .
172 1235 295 1304 Inveni.
331 1235 482 1320 Namque
506 1240 557 1300 est
580 1239 717 1320 certum,
741 1236 871 1320 potiora
893 1236 1024 1320 mereri,
1048 1287 1053 1292 .

174 1323 252 1401 Quis
275 1346 327 1389 res
350 1324 482 1389 uberior
504 1324 689 1389 cumulatae
712 1325 810 1389 sortis
834 1323 988 1390 abundat.

174 1414 221 1478 At
244 1414 295 1479 cui
318 1435 419 1496 parva
443 1413 555 1478 subest
579 1412 672 1499 segni
696 1412 880 1477 substantia
904 1413 1014 1496 corde,
1137 1427 1187 1477 211

173 1499 212 1566 Id
234 1501 404 1566 minimum
427 1502 558 1585 penitus
581 1501 667 1567 iuste
689 1501 825 1565 tolletur
848 1501 890 1565 ab
914 1500 983 1583 illo,

172 1588 382 1675 Ut'nequam
406 1611 518 1655 servus
542 1590 694 1655 tenebras
718 1590 884 1654 demersus
907 1589 949 1654 ad
971 1591 1055 1654 imas

173 1677 352 1763 Perpetuos
376 1678 472 1744 fletus
495 1699 619 1763 poenae
643 1678 783 1744 stridore
804 1677 1016 1761 frequentet.“

157 1801 159 1805 ,
215 1764 292 1850 „En
312 1766 455 1831 hominis
478 1772 575 1831 natus
598 1768 707 1832 veniet
729 1766 898 1852 patrisque
921 1766 1081 1832 ministris
1237 1848 1239 1854 ,

115 1919 118 1924 4
148 1924 152 1931 ,
176 1853 324 1939 Stipatus
349 1856 434 1920 celsa
457 1854 552 1938 iudex
574 1855 610 1920 in
633 1855 709 1920 sede
733 1855 867 1920 sedebit.
1136 1871 1187 1921 260

174 1943 259 2009 Tum
282 1946 396 2030 gentes
420 1948 553 2009 cunetae
577 1944 714 2009 diversis
736 1945 887 2028 partibus
911 1944 1000 2009 orbis

172 2029 378 2099 Conveniunt
400 2031 567 2117 iustosque
591 2054 704 2097 omnes
727 2033 766 2097 de
789 2033 864 2098 labe
888 2033 1049 2098 malorum

173 2119 326 2187 Secemet
348 2122 524 2206 dextraque
547 2120 653 2186 libens
676 2121 712 2186 in
732 2125 826 2206 parte
849 2120 984 2205 locabit,

172 2210 220 2275 At
242 2232 361 2296 pravos
384 2210 479 2275 laeva
501 2210 671 2295 despectos
694 2213 788 2293 parte
811 2210 988 2295 relinquet,

171 2296 219 2363 Ut
241 2303 357 2382 pastor
378 2298 505 2384 pecoris
529 2298 684 2364 discernit
706 2320 827 2384 pascua
851 2297 960 2381 mixti,
1135 2314 1185 2365 265
1278 2303 1280 2308 ’

173 2385 343 2471 Lanigeris
367 2387 473 2452 dextri
495 2388 690 2471 permittens
714 2387 828 2452 mollia
850 2387 938 2471 prati

172 2475 219 2540 At
242 2475 353 2539 laevos
376 2475 474 2538 hirtis
498 2474 612 2540 dumos
636 2475 771 2540 tondere
795 2475 939 2560 capellis.

173 2561 237 2628 Sed
259 2584 317 2627 rex
339 2563 377 2628 ad
402 2562 534 2628 dextros
558 2584 732 2629 conversus
756 2563 839 2628 talia
862 2564 961 2629 dicet:

173 2651 247 2717 Huc
270 2651 403 2716 veniant
426 2651 543 2736 sancti,
566 2652 754 2717 iamdudum
779 2651 889 2716 debita
912 2655 1046 2717 sumant
1281 2713 1282 2744 ,

172 2740 269 2805 Dona
292 2740 409 2824 patris,
433 2740 544 2805 mundi
568 2762 649 2825 quae
673 2745 750 2805 sunt
773 2762 938 2826 aequaeva
959 2740 1094 2805 nitentis
1137 2758 1187 2807 ate
1281 2783 1282 2824 3

173 2828 219 2895 Et
241 2829 337 2894 iustis
360 2830 467 2914 primo
490 2830 652 2913 promissa
675 2833 834 2913 parantur
856 2830 898 2894 ab
922 2832 1006 2894 ortu.
1281 2829 1282 2838 ’

173 2917 325 3002 Namque
348 2918 435 2984 fame
457 2917 580 2983 fessum
604 2918 766 3003 quondam
791 2939 842 2983 me
866 2923 962 3004 grata
984 2917 1100 2984 refecit

172 3004 263 3071 Haec
285 3007 398 3090 plebes
421 3001 566 3091 potuqde
590 3006 680 3071 sitim
704 3006 786 3071 mihi
808 3027 904 3092 saepe
926 3005 1081 3093 removit,

174 3092 426 3179 Hospitiumquc
450 3095 564 3160 domus
587 3096 696 3179 patuit
718 3095 800 3159 mihi
823 3116 919 3180 saepe
941 3099 1059 3160 vocato

172 3182 220 3248 Et
241 3180 346 3247 nudus
369 3183 471 3248 vestis
494 3183 710 3248 blandissima
732 3183 879 3269 tegmina
902 3183 1028 3268 sumpsi
1137 3198 1186 3249 221
1281 3207 1282 3252 l

245 3324 297 3374 242
317 3321 437 3374 meteres
457 3320 668 3392 0¹V189Bar,
690 3324 810 3377 meteret
835 3322 846 3390 Ι
873 3328 925 3376 227
944 3320 984 3376 Ut
1003 3321 1047 3390 0¹,
1064 3320 1104 3378 Et
1123 3323 1188 3379 Mae

171 3388 338 3456 B*T**K,
355 3390 395 3444 At
411 3390 421 3458 l
435 3395 487 3444 262
506 3390 635 3445 laborum
653 3392 775 3447 Hucnwr
787 3393 798 3460 ΙΙ
811 3397 864 3447 266
883 3391 1018 3446 (1211111-
1028 3392 1106 3462 prati
1126 3393 1188 3463 0¹²⁸,

174 3458 272 3531 dextre
282 3488 316 3500 -
325 3459 416 3527 partis
435 3459 599 3515 0¹***RM
610 3463 620 3529 11
634 3460 688 3517 274
704 3461 892 3548 Hospitioque
915 3462 951 3517 1⁷¹
