2600 3934
177 155 219 218 16
606 149 717 206 LIBER
735 154 755 207 l.
804 202 811 213 .

177 285 402 383 Quadraginta
425 297 476 361 illi
497 294 628 360 fuerant
651 319 691 360 ex
714 296 826 361 ordine
849 296 948 378 soles,

174 388 226 452 Ex
250 409 313 471 quo
336 386 428 450 nulla
451 384 516 450 cibi
538 389 678 470 potusve
702 385 857 450 alimenta
881 385 1051 451 dabantur.
1137 403 1190 453 370

177 475 240 540 Sed
263 478 415 540 contexta
438 472 537 537 simul
558 474 646 538 firmi
668 473 790 538 ieiunia
813 473 918 538 cordis

173 563 347 628 Terrarum
370 563 412 627 ad
434 583 572 648 reguum
595 562 716 627 mentis
740 566 864 628 secreta
886 562 1049 627 tenebant.

176 652 265 717 Tunc
289 651 401 735 epulas
425 651 554 715 demum
578 652 705 716 monuit
728 653 918 736 conquirere
941 672 1068 734 eorpus.

173 740 338 805 Horrendi
360 740 486 804 interea
508 741 638 805 sceleris
661 740 792 805 fallacia
813 742 993 824 temptans:

173 827 235 913 „Si
256 833 290 893 te
313 850 373 913 pro
397 837 485 893 certo
509 828 624 913 gennit
645 828 749 912 Deus,
771 828 936 910 omnibus,
958 827 1078 912 inquit,
1136 844 1191 895 375

174 917 235 982 His
258 917 383 1003 poteris
408 918 494 982 saxis
517 917 598 982 forti
620 939 768 982 sermone
792 917 904 981 iubere

175 1005 277 1071 Usum
301 1007 422 1071 triticei
445 1006 646 1090 formamque
671 1027 839 1090 capessere
862 1003 985 1090 panis.“

175 1093 327 1160 Christus
352 1094 393 1159 ad
416 1093 497 1158 haec
519 1093 621 1158 fatur:
643 1093 725 1177 „Nil
748 1115 800 1158 me
824 1094 890 1159 iam
913 1093 995 1159 talia
1017 1096 1158 1178 terrent3

173 1182 260 1247 Nam
282 1182 417 1248 memini
440 1183 610 1266 scriptum,
634 1182 789 1266 quoniam
810 1204 878 1248 non
902 1183 973 1247 sola
995 1182 1122 1248 tenebit

172 1270 284 1336 Vitam
309 1269 467 1337 credentis
491 1270 596 1336 facilis
621 1272 808 1336 substantia
830 1270 938 1355 panis,
1135 1287 1190 1337 333

174 1358 237 1425 Sed
260 1381 408 1425 sermone
431 1358 494 1424 Dei
516 1359 657 1443 complet
679 1359 736 1442 pia
757 1364 890 1442 pectora
912 1358 1046 1425 virtus.“

172 1448 298 1513 Rursus
323 1452 357 1512 at
380 1447 437 1512 ille
460 1447 553 1513 dolos
576 1447 718 1512 versutis
742 1448 867 1513 artibus
891 1452 1008 1532 aptans

172 1536 312 1602 Nestore
336 1538 515 1621 temptator
537 1540 703 1621 properat.
748 1535 834 1601 Nam
858 1537 1028 1602 moenibus
1051 1536 1142 1638 arpis

172 1625 251 1690 Mox
273 1626 391 1690 inferre
414 1624 530 1709 pedem
554 1625 668 1703 sensit,
690 1626 739 1689 vis
763 1625 863 1690 livida
886 1623 1052 1690 Christum

172 1712 322 1778 dulmine
346 1735 529 1778 marmoreo
553 1712 631 1778 fecit
654 1714 831 1779 consistere
854 1715 979 1798 templi.
1132 1730 1188 1780 333

173 1803 256 1867 Tum
281 1801 327 1867 sie
350 1802 539 1886 adgreditur
560 1802 650 1867 vocis
672 1803 807 1867 fallente
830 1824 966 1867 veneno:

170 1891 229 1976 „si
252 1891 341 1956 Deus
365 1895 416 1955 est
438 1912 513 1955 vere
536 1891 667 1975 genitor
690 1891 766 1976 tibi,
790 1891 930 1956 culmine
953 1892 1070 1975 templi

170 1982 260 2046 Aera
282 2001 500 2065 pervacuum
524 1980 611 2044 saltu
634 1979 817 2045 iaculabere
840 2002 967 2064 corpus.

171 2069 280 2134 Testis
303 2068 367 2133 erit
390 2068 553 2152 scriptura
576 2068 652 2151 tibi,
675 2090 757 2154 quae
781 2068 919 2152 spondet
941 2072 1052 2153 aperte

170 2157 362 2222 Mandatum
385 2157 504 2221 summi
527 2155 692 2222 Genitoris
716 2159 782 2222 tale
806 2157 976 2241 ministris,
1132 2174 1189 2224 333

171 2245 218 2311 Ut
241 2248 370 2331 lapsum
393 2246 547 2311 studeant
570 2269 647 2312 casu
671 2246 840 2311 defendere
863 2268 994 2329 corpus;

170 2334 217 2399 Et
240 2333 372 2399 famulis
396 2335 547 2399 manibus
570 2339 702 2399 current
725 2340 783 2400 tua
805 2336 952 2399 membra
974 2335 1095 2418 levare,

170 2422 221 2487 Ne
244 2423 361 2507 lapidis
384 2424 494 2488 laedat
517 2445 661 2487 summas
685 2423 820 2488 offensio
843 2423 1002 2508 plantas.“

170 2511 399 2577 Reddidit-his
424 2510 576 2577 Christus
599 2511 695 2576 dietis
719 2512 882 2577 contraria
904 2513 1004 2578 dicta:

170 2600 247 2684 „Me
270 2601 457 2666 meminisse
480 2600 586 2686 magis
610 2601 724 2685 scripti
749 2600 899 2666 caelestis
923 2605 1067 2686 oportet,
1130 2616 1185 2666 335

169 2688 221 2754 Ne
244 2689 330 2754 vires
353 2689 486 2754 Domini
508 2689 611 2753 fidens
634 2689 768 2753 audacia
790 2691 957 2774 temptet.“

168 2777 294 2842 Rursus
317 2778 352 2841 in
376 2777 507 2863 abrupti
529 2777 650 2843 montis
675 2778 852 2842 consistere
875 2778 970 2843 celsis

170 2865 247 2931 Mox
269 2865 444 2931 furibunda
467 2866 552 2950 iugis
577 2867 679 2931 sensit
702 2866 833 2931 fallacia
857 2866 1035 2951 Christum,

170 2953 352 3020 Ostendens
377 2954 435 3020 olli
456 2954 617 3040 fulgentia
638 2975 740 3041 regna
763 2977 821 3038 per
844 2957 969 3020 orbem:

168 3042 315 3127 „Cernis
339 3044 401 3125 ait,
424 3066 506 3128 quae
529 3045 572 3107 sit
595 3047 763 3109 tantarum
786 3043 891 3128 gloria
913 3044 1042 3109 rerum?
1129 3060 1184 3109 433

107 3214 115 3225 ¹
171 3130 296 3197 Cuncta
318 3135 377 3197 tuo
400 3155 533 3216 possum
555 3132 690 3198 iamiam
714 3133 888 3198 concedere
910 3154 1022 3218 regno,

169 3219 264 3285 Talia
286 3221 461 3286 donantem
485 3221 513 3286 si
536 3243 587 3286 me
609 3226 783 3287 veneratus
808 3221 950 3286 adores“

239 3364 293 3413 370
310 3361 430 3428 potusve
450 3359 572 3428 01l379
597 3360 674 3427 qnod
698 3377 754 3416 non
777 3361 835 3416 iam
853 3361 891 3415 M
913 3363 923 3429 1
949 3364 1002 3414 385
1022 3359 1111 3415 suasit
1129 3360 1183 3414 litt.

168 3430 234 3484 min.
253 3431 285 3483 in
303 3446 357 3483 rus.
380 3428 427 3495 01,
449 3430 518 3484 fecit
541 3430 609 3485 VM
633 3433 675 3494 (io
697 3432 738 3484 1η
759 3434 872 3501 punctis
892 3436 1017 3496 notatum
1040 3436 1066 3486 ct
1087 3447 1184 3500 supcr-

168 3499 256 3552 33333.
276 3500 453 3568 3333111333
473 3502 584 3555 current
604 3501 693 3570 01M,
713 3505 898 3572 curentl399
918 3500 969 3556 olli
990 3502 1035 3569 M,
1052 3501 1097 3556 illi
