2600 3934
490 167 726 225 .umum.
1084 170 1126 234 w

110 298 310 378 Cunctorum
335 316 410 377 ante
434 313 547 377 oculos
570 312 655 377 acies
678 313 787 378 levata
810 314 939 378 securis.
1006 301 1017 326 ⁸
1073 328 1125 379 335

109 400 294 468 Caedentur
318 400 421 466 silvae
445 401 573 466 steriles
596 400 771 487 ignemque
792 401 959 467 fovebunt.

107 489 207 555 Nunc
231 511 292 575 ego
315 489 510 574 praeteritas
533 491 680 555 maculas
703 491 738 554 in
760 490 892 555 flumine
915 511 997 576 puro

108 578 255 643 Abluere
278 578 422 662 institui3
443 578 553 644 ueniet
577 579 633 643 ssd
655 577 775 643 fortior
797 580 889 662 alter,

108 665 212 734 Cuius
236 667 343 732 vincla
365 667 483 752 pedum
505 689 573 731 non
596 688 669 732 sum
692 666 883 753 contingere
906 667 1032 752 dignus.

108 756 234 820 Abluet
255 755 311 820 ille
334 755 477 820 hominis
501 758 613 820 sancto
637 756 813 840 spiramine
835 760 977 820 mentem
1072 772 1124 822 340

107 843 396 927 Flammarumque
420 844 529 930 globis
552 843 708 928 purgabit
730 844 828 909 noxia
851 844 958 909 corda.

107 931 205 1000 Illius
230 936 264 997 et
288 932 438 997 manibus
461 932 581 997 ruralis
604 933 681 1017 pala
703 936 833 998 tenetur

108 1021 156 1085 Et
180 1022 313 1106 propria
336 1021 438 1106 ipsius
462 1021 659 1107 purgabitur
682 1043 758 1086 area
779 1021 913 1108 frugum

107 1108 300 1194 Horrorque
322 1109 475 1194 implebit
497 1111 614 1175 secreti
637 1110 731 1194 eopia
752 1110 848 1174 farris

108 1197 337 1283 Aeternusque
360 1199 448 1263 leves
468 1199 583 1283 paleas
605 1199 818 1282 populabitur
840 1197 956 1283 ignis.“
1072 1214 1124 1264 345

154 1285 246 1352 Haec
270 1287 317 1351 ait
340 1291 373 1350 et
396 1286 544 1371 properis
568 1308 626 1372 per
649 1288 767 1352 silvam
789 1287 941 1371 passibus
964 1287 1071 1370 ipsum

110 1374 225 1440 Cernit
246 1374 396 1440 Iordanis
418 1376 602 1441 veneranda
626 1376 756 1441 lavacra
777 1378 953 1460 petentem.

112 1463 179 1528 Sed
201 1467 292 1528 vetat
314 1463 513 1547 increpitans
536 1468 627 1529 vates
652 1468 685 1529 et
707 1464 789 1529 talia
811 1463 912 1529 fatur:

107 1551 221 1651 „Toga
244 1552 326 1616 meis
350 1553 500 1617 manibus
524 1552 670 1639 dignaris
693 1553 835 1639 mergier
857 1552 966 1637 undio,

110 1637 197 1705 Cum
219 1644 277 1705 tua
300 1663 351 1705 me
376 1641 492 1706 melius
515 1641 644 1725 possint
667 1642 823 1706 mundare
845 1639 1020 1707 lavacra?“
1073 1657 1125 1707 350

111 1727 209 1793 Dixit
230 1729 393 1794 Iohannes
419 1730 471 1794 cui
494 1729 576 1794 talia
598 1730 707 1796 reddit
729 1729 837 1794 Iesus:

109 1816 230 1902 „Nunc
245 1818 327 1896 sine,
350 1839 427 1882 nam
442 1818 534 1883 decet
546 1819 623 1904 hoc,
646 1819 693 1884 sic
707 1823 821 1884 sancta
834 1841 893 1904 per
906 1818 1016 1883 omnia
1029 1819 1125 1883 nobis

110 1905 263 1970 Iustitiae
286 1907 519 1972 consectandus
543 1907 761 1992 complebitur
784 1907 891 1973 ordo.“

110 1993 203 2059 Haec
226 2017 409 2060 memorans
432 1996 554 2061 vitreas
577 1996 772 2080 penetrabat
793 1995 937 2060 fluminis
959 1995 1072 2060 undas.

113 2082 269 2169 Surgenti
292 2085 466 2149 manifesta
487 2083 539 2148 dei
562 2086 749 2167 praesentia
772 2084 884 2150 claret.
1072 2099 1125 2148 355

112 2170 281 2237 Scinditur
303 2173 464 2240 auricolor
487 2173 570 2238 caeli
594 2173 816 2257 septemplicis
840 2171 954 2237 aethra

112 2259 374 2345 Corporeamque
396 2282 511 2346 gerens
536 2262 677 2346 speciem
701 2262 866 2326 descendit
888 2261 930 2325 ab
954 2262 1022 2326 alto

111 2347 254 2433 Spiritus
278 2350 399 2413 aeriam
422 2350 579 2415 simulans
603 2372 641 2414 ex
663 2351 750 2415 nube
773 2350 957 2416 columbam

109 2436 158 2502 Ec
181 2441 293 2503 sancto
316 2438 398 2502 flatu
421 2460 537 2524 corpus
561 2437 704 2523 perfudit
726 2438 810 2504 Iesu.

111 2523 203 2591 Tunc
224 2549 288 2591 vox
310 2527 412 2592 missa
434 2527 495 2593 Dei
519 2528 654 2612 longum
677 2549 736 2612 per
758 2529 855 2592 inane
879 2529 1021 2593 cucurrit
1070 2545 1123 2594 330

109 2611 334 2699 Ablutumque
357 2616 452 2682 undis
476 2615 644 2681 Christum
668 2617 811 2701 flatuque
835 2620 1027 2701 perunctum

109 2701 323 2787 Adloquitur:
345 2704 409 2788 „Te
445 2709 536 2786 nate,
557 2705 655 2770 hodie
677 2727 736 2790 per
759 2705 879 2791 gaudia
900 2709 1005 2770 testor

110 2789 162 2854 Ex
185 2813 237 2856 rne
260 2793 478 2878 progenitum,
500 2794 609 2878 placet
630 2794 712 2859 haec
734 2794 815 2859 mihi
839 2794 946 2879 gloria
968 2793 1100 2877 prolis.“

155 2878 238 2944 Turn
262 2881 346 2964 petit
368 2883 541 2947 umbrosos
564 2887 693 2948 montes
717 2886 751 2947 et
772 2883 876 2946 lustra
898 2881 1040 2947 ferarum

109 2967 373 3055 Obsequiumque
396 2971 447 3035 illi
469 2970 577 3036 Patris
601 2971 755 3057 praebere
778 2970 920 3035 ministri
1071 2987 1123 3036 355

112 3055 294 3123 Certabant
315 3059 435 3145 rapidi,
457 3081 534 3124 mox
557 3059 641 3125 livor
664 3060 829 3125 daemonis
853 3063 958 3124 atram
993 3080 995 3083 ·

53 3207 56 3212 .
111 3143 195 3210 Cum
218 3149 341 3212 terrore
364 3148 452 3231 rapit
474 3156 615 3214 mentem
622 3199 630 3233 ,
653 3170 713 3214 nec
736 3147 839 3214 defuit
862 3169 960 3233 aegro

108 3232 309 3318 Temptandi
331 3236 456 3302 interea
478 3236 646 3303 Christum
668 3237 815 3303 versutia
837 3237 946 3302 fallax.

183 3378 237 3428 335
256 3374 384 3444 levigata
403 3376 476 3432 Mat.
491 3378 501 3445 fl
515 3382 567 3431 340
586 3376 714 3432 homines
724 3407 757 3417 -
768 3392 898 3448 mergens
916 3375 982 3430 MR
992 3375 1031 3444 (R
1042 3376 1123 3431 scrib.

109 3446 207 3514 offlam
226 3449 278 3500 347
297 3444 436 3502 Iohannes
457 3447 573 3515 R*M*,
592 3447 718 3503 Iordanis
740 3448 751 3517 l
773 3452 826 3504 350
844 3447 978 3501 mundare
998 3445 1040 3514 01,
1058 3463 1124 3515 pur-

108 3532 176 3586 gare
190 3519 267 3586 {1366
286 3520 377 3572 atram
396 3517 468 3574 0¹13
476 3517 524 3585 1⁷¹,
543 3521 604 3574 ater
622 3519 662 3574 M
