2600 3934
142 130 209 186 x1v
505 129 794 189 PROLEGOMENA.

143 276 294 342 nonnulli
313 277 436 361 passim
454 276 609 341 lectiones
629 276 788 361 quasdam
805 275 959 340 classium
978 279 1161 343 ceterarum

143 366 310 449 exhibent3
333 386 438 450 neque
461 363 557 442 enim,
581 387 655 430 cum
678 370 775 449 poeta
793 367 905 429 noster
923 366 1043 429 iterum
1062 370 1160 451 atque

143 454 262 520 iterum
285 477 305 518 a
328 452 453 519 clericis
477 454 512 517 in
530 450 692 519 Hibernia
714 458 748 518 et
767 452 879 518 Scotia
900 453 1050 537 inprimis
1073 457 1107 518 et
1125 457 1161 520 in

143 564 245 630 regno
268 541 468 607 Francorum
495 541 660 627 legeretur
687 548 721 607 et
748 541 985 607 describeretur
1013 544 1046 607 et
1068 543 1160 609 insti·

143 631 263 697 tutioni
292 631 507 715 subiceretur,
534 630 718 696 mirandum
746 636 810 716 est,
838 630 866 695 si
891 630 1018 696 codices
1041 631 1160 697 diversi

142 720 228 785 inter
255 741 290 785 se
317 718 568 786 conferebantur
596 724 629 785 et
657 721 814 786 lectiones
839 720 950 785 variae
974 723 1007 784 et
1030 720 1160 805 glossae

142 809 419 894 adscribebantur,
443 830 533 893 quae,
552 830 625 874 cum
644 809 796 874 librarius
818 808 963 875 codicem
981 808 1044 874 hoc
1062 811 1158 876 modo

143 902 275 963 auctum
298 897 504 981 describeret,
527 898 562 961 in
586 899 813 985 apographum
836 897 1029 963 defluebant.

210 985 335 1052 Codex
369 984 716 1072 Cantabrigiensis
744 983 815 1073 (02)
842 985 1060 1052 bibliothecae
1089 988 1160 1052 uni-

141 1075 307 1141 versitatis
335 1073 379 1140 Ff
402 1073 450 1140 IV
477 1076 522 1140 42
550 1075 616 1159 (no.
644 1073 746 1163 1285)
774 1076 909 1140 membr.
937 1072 973 1140 4⁰
996 1097 1078 1141 saec.
1100 1075 1158 1142 IX.

141 1163 190 1230 De
218 1186 257 1229 eo
285 1159 422 1250 'egerunt
449 1162 601 1229 Vicomte
629 1164 668 1229 de
696 1164 729 1228 la
756 1162 992 1249 Villemarque,
1021 1163 1159 1231 Notices

141 1253 197 1318 des
222 1253 413 1339 prinoipaux
431 1252 628 1318 Manuscrits
653 1252 709 1317 das
731 1254 861 1318 enciens
880 1252 1019 1319 Bretons
1038 1250 1157 1340 (1856)

140 1365 171 1428 p.
200 1343 324 1428 8-123
346 1341 400 1407 W.
428 1341 463 1407 F.
487 1339 606 1427 Skene,
634 1340 705 1406 'Phe
731 1341 807 1406 four
834 1343 964 1407 ancient
991 1340 1096 1407 boolra
1125 1341 1162 1408 of

140 1430 266 1515 Wales,
298 1432 361 1497 vol.
393 1431 427 1495 II
456 1454 487 1517 p.
517 1431 580 1496 311
598 1453 641 1495 ss.
675 1428 879 1517 (plerumque
911 1430 1088 1514 repetitum
1119 1452 1157 1495 ex

140 1520 262 1586 litteris
286 1519 398 1585 Skenii
427 1523 461 1585 et
488 1518 616 1585 Guestii
643 1519 679 1584 in
702 1519 942 1604 Archaeologia
966 1515 1158 1584 Cambrensi

141 1631 169 1673 a.
196 1610 281 1674 1862
304 1632 358 1694 pp.
384 1608 560 1675 153-155
583 1605 710 1694 editis),
737 1606 982 1691 Reifferscheid,
1006 1605 1158 1673 Berichte

140 1698 197 1762 der
225 1697 359 1762 Wiener
386 1696 491 1762 Ahad.
521 1697 565 1762 84
591 1718 623 1781 p.
652 1697 717 1761 548
732 1718 757 1761 s.
803 1696 926 1762 Textus
953 1695 1088 1762 quenci
1119 1720 1158 1761 ex

140 1784 332 1872 apographo
357 1785 477 1851 codicis
500 1784 546 1850 M
564 1785 746 1870 descriptus
770 1788 829 1870 est,
848 1785 933 1870 quod
951 1785 1157 1871 paucissimis

140 1874 221 1940 locis
245 1875 400 1940 lectiones
422 1873 569 1939 familiae
591 1873 623 1938 R
645 1876 822 1958 receperat.

207 1962 334 2028 Codex
370 1960 493 2027 Musei
524 1961 749 2028 Britannici
786 1963 857 2028 add.
892 1963 1000 2029 19723
1034 1960 1156 2049 (Add¹)

141 2052 274 2118 membr.
297 2048 334 2115 4⁰
357 2071 438 2117 saec.
461 2049 501 2118 X.
537 2050 626 2115 Ante
648 2055 774 2116 textum
797 2050 929 2117 Iuvenci
950 2051 1008 2117 fol.
1032 2053 1066 2115 1²
1088 2074 1156 2117 car·

140 2162 215 2205 men
238 2140 461 2225 rhythmicum
484 2139 523 2205 de
547 2141 725 2205 canonibus
743 2139 941 2206 Eusebianis
965 2143 1045 2224 erat,
1070 2141 1157 2224 quod

139 2229 279 2314 legimus
309 2228 366 2294 fol.
394 2230 415 2294 2
447 2228 567 2294 codicis
595 2228 794 2313 Turicensis,
827 2230 884 2294 sed
914 2250 1000 2294 nunc
1027 2250 1156 2294 erasum

139 2321 203 2402 est3
236 2318 315 2382 item
350 2317 510 2400 praefatio
540 2318 579 2382 de
608 2321 765 2403 quattuor
793 2317 1012 2402 evangelistis.
1057 2315 1156 2382 Liber

140 2411 211 2471 erat
248 2418 294 2472 sci
331 2406 498 2471 alexandri
534 2404 605 2492 (fol.
643 2404 706 2493 lb);
747 2405 886 2490 scriptus
923 2409 974 2469 ert
1008 2405 1043 2469 in
1076 2404 1155 2469 Ger·

141 2517 259 2561 mama.

206 2582 333 2649 (lodex
360 2583 585 2649 Turicensis
614 2579 677 2668 (T)
707 2582 732 2648 O
761 2583 803 2648 68
833 2580 929 2669 (384)
956 2581 1092 2646 membr.
1119 2581 1156 2646 4⁰

116 2682 221 2738 'saec
248 2672 305 2738 IX.
350 2671 433 2737 Vide
462 2672 501 2737 de
528 2693 566 2737 eo
594 2671 618 2736 Ι.
641 2670 841 2736 Huemerum
869 2672 904 2735 in
931 2670 1005 2735 edit.
1033 2669 1156 2736 Sedulii

137 2785 168 2847 p.
191 2760 256 2826 XII
285 2766 319 2827 et
342 2762 377 2826 in
400 2760 523 2826 Studiis
546 2760 857 2826 Vindobonensibus
880 2757 914 2823 ΙΙ
936 2782 967 2844 p.
990 2759 1154 2825 81-112.

139 2847 202 2915 Sed
233 2851 371 2915 nimium
403 2850 508 2915 textui
536 2848 669 2915 quenci
700 2848 842 2933 pretium
875 2847 1041 2932 attribuit,
1076 2870 1153 2912 nam

137 2939 259 3004 mixtus
286 2943 337 3004 est
366 2944 400 3004 et
424 2938 602 3003 maximam
624 2941 753 3023 partem
777 2936 818 3003 ad
841 2937 985 3002 indolem
1008 2936 1153 3001 familiae

136 3027 183 3092 M
209 3028 345 3113 accedit,
378 3027 441 3093 etsi
473 3027 638 3093 nonnullis
671 3027 752 3092 locis
785 3026 944 3091 lectiones
971 3030 1151 3091 ceterarum

137 3115 337 3182 familiarum
360 3119 509 3201 receptae
533 3119 618 3181 sunt.

204 3204 332 3271 (lodex
354 3203 660 3270 Karlsrubensis
678 3200 747 3292 (K)
770 3205 846 3287 217,
870 3203 948 3268 olim
969 3203 1152 3287 Augiensis,

137 3295 273 3359 membr.
300 3293 337 3358 4⁰
364 3315 446 3359 saec.
473 3293 522 3358 IX
550 3293 706 3358 exeuntis.
751 3291 791 3357 V.
820 3292 859 3357 de
887 3313 925 3357 eo
953 3290 1151 3356 Huemerum

137 3383 172 3445 in
200 3383 247 3446 ed.
277 3381 384 3449 Sedul.
411 3405 442 3467 p.
470 3382 518 3447 XI
532 3404 556 3448 s.
604 3381 751 3448 Secunda
781 3403 859 3467 pars
887 3380 1006 3448 codicis
1034 3381 1151 3444 iterum

137 3467 313 3536 Iuvencum
337 3471 491 3556 continet,
515 3471 572 3537 aad
595 3474 732 3556 uterque
755 3474 863 3537 textus
887 3470 1016 3537 vinculo
1040 3469 1153 3534 aretis-
