2600 3934
500 184 533 239 V.
553 186 702 239 391-456.

87 335 249 402 Labentis
272 336 414 399 mentem
437 332 540 399 irater
562 334 730 401 lucrabere
752 332 874 399 fratris.

91 424 154 492 Sin
174 428 232 489 tua
255 423 357 489 solius
380 424 559 490 contemnit
581 424 682 489 verba
705 423 905 510 relinquens,

92 513 186 580 Tunc
208 511 298 578 alius
315 512 439 597 pariter
462 513 606 577 monitor
628 515 684 598 pia
707 513 797 577 iussa
819 510 1013 597 frequentet.
1101 591 1103 604 ἱ

92 601 159 669 Sed
181 601 210 668 si
233 600 386 667 discutiet
409 601 577 666 doctorum
600 599 693 665 trena
715 601 866 683 duorum,
1052 617 1106 668 425

92 692 183 758 Tunc
206 690 248 756 ad
270 688 445 756 concilium
467 689 649 755 referantur
673 689 809 755 crimina
830 687 978 776 plenum,

92 779 141 846 Ut
162 778 277 865 populi
300 777 417 843 saltem
442 781 575 843 sanetur
596 778 739 863 pondere
761 782 876 844 victus.

95 867 153 934 Sin
175 873 209 934 et
231 866 411 933 multorum
434 867 670 953 contempserit
692 868 808 932 efferus
832 888 903 952 ora,

95 958 147 1025 Sit
168 955 231 1022 tibi
254 956 399 1021 diversae
423 956 582 1021 multatus
604 957 737 1021 nomine
760 956 877 1041 gentis.

94 1047 244 1130 Namque
267 1046 302 1108 in
325 1044 497 1110 concilium
521 1067 647 1128 semper
669 1043 856 1129 praesentia
877 1048 992 1112 nostra
1055 1045 1108 1114 430

95 1134 258 1201 Adveniet
281 1133 486 1217 mediumque
510 1133 607 1198 duum
630 1155 682 1198 me
707 1137 793 1198 stare
815 1156 947 1200 necesse
970 1137 1034 1220 est,

96 1224 172 1290 Sive
195 1224 295 1287 trium
316 1222 416 1286 fuerit
439 1225 550 1287 coetus
574 1220 634 1286 sub
657 1222 789 1286 nomine
811 1223 955 1288 nostro.“
1058 1271 1061 1276 ,

140 1309 224 1376 Tum
246 1310 364 1375 Petrus
388 1312 529 1396 quaerit,
552 1313 632 1394 quot
655 1310 750 1375 fratri
774 1314 882 1376 errata
904 1312 1065 1397 remittat,

94 1399 160 1466 Vel
185 1403 309 1483 septem
332 1400 444 1484 lapsus
467 1398 637 1465 hominum
661 1399 689 1464 si
711 1398 797 1464 ferre
820 1394 941 1465 liceret.

94 1488 246 1556 Christus
260 1488 482 1573 prosequitur:
495 1483 594 1573 „Non
610 1491 736 1574 septem
751 1487 887 1554 crimina
900 1492 1039 1575 tantum,
1056 1505 1109 1555 435

96 1577 160 1644 Sed
184 1577 356 1661 decuplata
380 1597 478 1664 super
500 1577 661 1642 donentur
684 1577 820 1642 vulnera
842 1578 966 1644 fratri.“

140 1666 251 1752 „Nam
274 1665 357 1731 caeli
379 1687 516 1752 regnum
540 1665 663 1732 domini
685 1663 875 1752 praedivitis
899 1667 993 1732 aulae

97 1756 276 1824 Consimile
300 1763 361 1840 est,
383 1754 508 1819 nummi
530 1755 692 1820 rationem
716 1755 773 1840 qui
795 1754 859 1820 sibi
881 1755 959 1839 poni

95 1845 235 1912 Iusserit
257 1848 291 1909 et
314 1865 442 1909 servum
466 1843 635 1908 debentem
659 1845 766 1908 multa
787 1844 914 1909 talenta

96 1934 262 2019 Praecipit
285 1933 457 2017 abreptum
481 1953 553 1998 cum
576 1932 714 2019 coniuge
737 1933 956 2018 progenieque
1058 1948 1112 1998 440

97 2023 208 2108 Atque
232 2022 348 2107 opibus
371 2021 495 2087 cunctis
517 2020 625 2087 venali
646 2022 779 2085 nomine
803 2020 885 2085 sisti.

98 2111 182 2178 Tum
206 2133 316 2176 servus
340 2110 507 2175 dominum
528 2112 699 2195 prostrato
724 2131 858 2195 corpore
881 2109 997 2175 adorat

97 2199 145 2266 Et
169 2200 320 2285 spondet,
343 2197 443 2282 spatii
466 2196 530 2263 sibi
554 2198 582 2263 si
604 2197 691 2263 foret
713 2198 783 2263 ulla
804 2198 960 2282 facultas,

97 2287 236 2354 Omnem
258 2291 466 2353 nummorum
490 2287 620 2352 domino
644 2286 823 2352 dissolvere
847 2308 1017 2353 summam.

97 2376 286 2444 Commovit
308 2376 477 2441 dominum
498 2374 616 2440 famuli
638 2377 807 2441 miseratio
830 2376 938 2440 flentis
1058 2391 1111 2443 445

98 2465 289 2551 Cunctaque
312 2467 404 2530 trans
427 2465 581 2529 meritum
604 2466 765 2531 concessit
782 2463 898 2530 debita
921 2486 1025 2531 seruo.

96 2556 161 2622 Ille
185 2554 241 2620 sed
264 2553 433 2641 egrediens
457 2574 648 2619 conservum
672 2552 785 2617 limine
807 2554 842 2617 in
864 2554 936 2639 ipso

95 2643 226 2710 Nactus
250 2642 461 2728 constring‘t3
483 2646 555 2707 tum
578 2641 690 2708 debita
712 2641 831 2707 tortior
853 2646 949 2727 urget

95 2732 246 2799 Persolvi
268 2732 482 2818 precibusque
505 2730 613 2796 locum
636 2731 841 2795 truculentus
865 2730 990 2817 abegit,

96 2820 248 2888 Carceris
272 2824 305 2885 et
327 2840 472 2885 mersum
494 2818 639 2885 tenebris
662 2818 840 2924 poenisque
863 2819 1040 2902 premebat.
1061 2834 1114 2885 450

96 2910 190 2987 Quae
212 2913 387 2995 postquam
411 2909 560 2974 dominus
582 2907 781 2973 famulorum
802 2929 936 2973 noscere
958 2907 1067 2973 verbis

93 2998 232 3085 Incipit,
255 2998 394 3064 adducto
417 2997 558 3083 ingessit
578 2995 762 3062 iustissima
785 3017 878 3061 servo

93 3086 197 3154 Dicta
220 3087 334 3152 dolens
356 3088 505 3171 iramque
527 3089 639 3152 moret
661 3085 823 3169 iussisque
847 3085 968 3150 severis

93 3174 136 3241 In
161 3179 326 3242 tormenta
349 3175 455 3240 ferum
478 3174 617 3240 detrusit
638 3173 764 3240 cuncta
777 3173 949 3239 revolvens

93 3264 233 3349 Debita,
256 3264 333 3329 dum
356 3263 465 3351 dignis
488 3264 592 3328 lueret
614 3284 672 3347 per
694 3263 824 3327 vincula
846 3260 969 3347 poenis.
1063 3276 1116 3327 455

94 3351 153 3420 Sic
176 3353 271 3420 vobis
294 3352 395 3419 faciet
418 3353 560 3438 genitor,
579 3352 639 3435 qui
662 3351 807 3416 culmina
829 3350 910 3416 caeli

95 3544 123 3601 u
141 3480 225 3602 soffia
238 3469 385 3601 &eluctans
398 3474 436 3528 ru
452 3474 484 3529 os
502 3489 556 3528 ras.
571 3472 616 3543 η
629 3476 682 3527 rao
701 3472 808 3527 nissae
828 3463 1028 3539 munp'ru
1040 3472 1051 3538 q
1064 3451 1118 3524 43‘4
