2600 3934
428 148 537 206 LIBER
554 148 603 205 HI.
631 149 665 205 V.
686 155 781 206 1-57.
1067 149 1110 216 57

17 377 18 382 ¹
94 294 239 380 „Nonne
262 295 315 360 hiu
338 298 390 360 est
411 293 499 360 fabri
523 293 667 377 suboles,
690 295 742 359 eni
765 293 883 360 nemen
905 293 1048 381 Iuseph?
1077 312 1111 362 ns

17 389 19 400 ’
96 383 172 450 Non
195 382 302 449 Maria
325 387 376 447 est
399 382 562 469 genetrix,
587 403 655 447 non
676 382 815 448 fratrum
838 387 919 448 nota
940 386 1111 471 propago?

96 472 189 538 Unde
211 471 315 557 igitur
338 472 421 556 legis
445 470 559 537 doctor
580 475 755 555 tantaeque
777 472 928 537 minister

17 567 19 570 ’
95 559 254 645 Virtutis,
278 559 363 625 cedit
386 558 439 624 uni
460 559 553 624 labes
576 559 665 625 vieta
686 559 894 625 melorum?“

95 647 226 713 Neaera
249 648 296 713 siu
318 648 447 732 plebes3
470 648 522 713 eui
543 646 627 713 talia
649 647 756 712 reddit
778 647 885 714 Iesus:

94 735 317 821 „Temnuntur
339 736 482 821 propriis
505 736 664 800 miracula
686 757 813 821 semper
835 737 870 801 in
893 736 959 801 oris
1076 753 1111 803 30

96 825 141 890 Et
165 826 236 890 sine
258 824 382 891 honore
406 827 540 890 manent
561 825 671 908 patria
693 825 753 890 sub
778 824 852 889 sede
876 826 1081 910 prophetue.“

97 912 233 978 Talibus
256 913 430 999 indignans
453 911 576 997 pressit
598 933 658 977 sua
681 933 816 977 munera
838 911 998 979 Christus.

138 1001 271 1067 interea
294 1001 335 1066 ad
357 1021 469 1087 regem
492 1000 656 1067 volitabat
677 999 767 1065 fama
790 1001 979 1086 superbum,
1104 1059 1106 1064 ⁴

96 1088 191 1166 Quod
213 1090 304 1154 mula
325 1093 442 1155 cuneta
463 1088 515 1153 illi
537 1088 642 1153 virtus
667 1089 778 1153 divina
799 1089 956 1156 domaret.

96 1177 161 1243 Sed
182 1181 280 1262 putat
301 1176 462 1262 Herodes,
484 1176 544 1241 leti
566 1176 654 1261 quod
676 1177 751 1263 lege
772 1178 930 1243 remissus
1076 1195 1111 1245 35

97 1265 208 1331 Tanta
229 1265 453 1331 ut.}uhannes
476 1265 609 1331 virtutis
633 1265 719 1330 dona
740 1269 877 1331 teneret.
958 1263 960 1268 ’

95 1353 185 1419 Nem
208 1354 373 1440 quondum
397 1375 531 1419 remens
554 1353 670 1418 liventi
691 1353 823 1438 pectore
847 1355 997 1441 daemon,

94 1442 229 1508 Erroris
253 1443 361 1508 labem
383 1442 474 1527 puris
498 1441 584 1525 quod
608 1443 750 1507 solveret
772 1442 867 1507 undis

95 1530 208 1595 Iustus
230 1530 406 1614 Iohannes,
429 1530 554 1594 damnis
578 1552 713 1595 aceensa
736 1531 897 1596 melorum

96 1618 187 1685 Tune
210 1620 294 1705 petit
315 1618 480 1684 Herodem
502 1618 605 1702 pestis
628 1617 819 1684 saevissima
840 1641 952 1706 regem
1076 1637 1112 1687 40

96 1706 142 1772 Et
165 1706 262 1773 fusile
283 1706 399 1772 iniusti
421 1710 595 1791 penetrans
618 1706 808 1773 habitacula
830 1709 937 1774 sordis

96 1794 318 1860 Adcumulare
340 1795 418 1860 feris
443 1795 566 1880 subigit
589 1795 713 1860 seelera
734 1797 835 1881 impia
858 1799 970 1883 gestis.

97 1883 236 1949 Arserat
258 1883 384 1949 inlicito
407 1881 554 1964 Herodes
578 1905 730 1948 aecensus
754 1885 879 1950 amore

98 1970 138 2036 In
162 1971 326 2037 thalamos
348 1970 475 2052 fratris,
499 1975 589 2037 uasto
613 1971 700 2055 quud
722 1972 791 2036 iure
813 1973 949 2038 vetabat

95 2058 221 2124 Doctus
244 2060 416 2125 Iohannes.
453 2058 580 2125 Feritas
603 2060 660 2123 sed
681 2060 791 2125 nescia
813 2061 895 2125 reati
1076 2075 1111 2126 45

97 2146 243 2213 Subieeit
265 2149 355 2235 leges
377 2148 515 2233 pedibus
537 2147 721 2233 fruiturque
743 2147 892 2214 nefandis

97 2234 255 2302 conubiis
278 2235 449 2320 ipsumque
472 2258 579 2321 super,
602 2236 659 2321 qui
680 2257 783 2320 prava
804 2238 953 2321 uetabat,

97 2323 246 2390 Carceris
269 2325 418 2389 inmersit
439 2324 582 2389 tenebris
605 2325 785 2410 vinclisque
810 2325 968 2411 gravavit

98 2411 265 2499 Sanguine
287 2435 363 2477 nam
385 2412 464 2477 iusti
486 2412 591 2495 primo
615 2434 803 2498 compressa
824 2415 943 2479 timore

96 2499 269 2566 Abstinuit
293 2500 407 2566 sitiens
429 2499 558 2585 feritas,
581 2501 659 2586 quia
681 2523 802 2587 magna
823 2502 1018 2588 prophetem
1077 2518 1112 2569 bo

97 2588 210 2655 Plebis
233 2588 412 2654 Iohannem
435 2590 602 2654 veneratio
626 2589 832 2673 suscipiebat,
947 2648 949 2652 .
1095 2636 1097 2638 ·

97 2675 213 2742 Natali
236 2678 292 2742 sed
315 2678 400 2742 forte
423 2677 474 2742 die
498 2698 570 2742 eum
593 2678 682 2742 laete
704 2683 863 2761 tyrannus

96 2763 245 2831 Herodes
269 2766 366 2831 celsis
389 2769 531 2831 strueret
552 2764 701 2831 convivia
723 2767 832 2850 tectis,

98 2851 262 2919 Luxuriae
286 2854 439 2939 quoniam
461 2853 633 2919 ueniunuta
657 2854 809 2938 superbia
831 2855 965 2940 gaudet,

98 2939 139 3006 In
162 2941 268 3007 medio
290 2942 443 3017 iuvenum
465 2942 597 3028 reginae
619 2942 689 3007 filia
710 2942 819 3028 virg03
1078 2959 1112 3010 55

98 3027 256 3096 Alternos
279 3031 420 3095 laterum
443 3031 587 3096 celerans
611 3030 793 3096 sinuamine
816 3035 940 3117 motus,

98 3114 308 3202 Compositas
331 3123 430 3185 cantu
451 3118 561 3203 iungit
582 3119 771 3184 modulante
794 3120 939 3185 choreas.

169 3279 203 3328 27
221 3274 358 3344 magister
376 3273 579 3329 randena
592 3275 602 3343 ΙΙ
616 3279 650 3330 28
668 3274 797 3330 laborum
812 3275 857 3330 V1·
864 3275 883 3343 ',
903 3276 1040 3331 malorum
1054 3279 1065 3344 t
1078 3280 1113 3330 34

95 3341 139 3397 illi
151 3344 185 3401 0¹
192 3343 223 3412 Τ,
247 3345 307 3400 illie
321 3346 331 3415 fl
344 3351 380 3400 44
394 3347 473 3400 casto
483 3344 525 3399 0¹·
533 3343 596 3411 ⁸1⁷¹,
611 3347 709 3399 saneto
723 3347 733 3413 ΙΙ
745 3351 780 3402 47
800 3346 848 3415 qui
862 3346 901 3400 M
904 3345 957 3413 Τ*,
976 3346 1041 3415 quia
1054 3348 1064 3415 n
1077 3350 1112 3400 48

95 3411 250 3469 inmersum
261 3416 304 3483 0¹,
322 3417 452 3471 inmersit
464 3419 474 3487 ΙΙ
488 3420 521 3470 m
537 3414 710 3486 suspiciebat
720 3416 758 3470 M
763 3415 800 3470 V*
813 3418 823 3487 1]
837 3421 871 3471 tt
884 3417 988 3471 mensis
1000 3416 1042 3471 0¹·
1050 3415 1113 3483 ³1⁷²,

94 3485 142 3539 sed
160 3486 197 3552 es.
212 3484 370 3556 Veruaeu.
383 3493 399 3541 Ι
411 3492 481 3543 638:
500 3485 630 3541 convivia
647 3486 732 3541 tectis
745 3487 756 3557 t
769 3491 802 3541 tt
821 3486 916 3557 iungit
926 3485 1115 3553 0¹·²'³TBer‚
