2600 3934
530 101 563 156 v.
583 107 733 159 rsa-sao.
1094 89 1144 168 71?

16 255 17 258 ’
121 247 262 331 Quisque
286 268 387 331 capax
409 246 521 329 fuerit,
545 248 632 312 celsa
655 248 776 312 virtute
799 252 962 332 capessat,
1082 235 1143 314 400

17 379 18 382 =
120 334 213 411 Quod
236 335 349 420 paucis
372 336 527 419 lectisque
549 335 638 400 Deus
662 336 732 401 vult
755 336 897 422 pandere
921 338 1065 402 munus.“

118 423 210 490 Haec
234 425 281 488 ait
304 427 336 488 et
358 445 490 508 pueros,
514 445 595 508 quos
619 425 763 509 gaudens
787 447 863 490 cura
886 428 1058 507 parentum

120 512 203 579 Cum
226 512 375 596 precibus
398 511 494 577 laetis
518 513 668 577 certatim
691 513 767 577 hinc
789 514 863 577 inde
885 513 1027 597 ferebat,
1060 559 1062 561 ψ
1169 585 1171 588 ,

120 600 263 686 Suscipit
285 603 319 665 et
340 600 470 685 plebem
494 604 691 684 sectantum,
715 601 801 685 quod
824 602 1027 686 prohiberet,

118 689 271 773 Increpat
296 711 332 755 ac
355 690 440 753 tales
464 689 616 754 adfirmat
638 710 740 774 regna
763 690 879 754 mereri
1081 707 1133 757 495

120 779 226 843 Aulae
249 779 408 844 caelestis.
447 776 582 843 Sanctas
606 777 658 841 his
683 777 794 842 ordine
816 778 941 862 palmas

118 866 252 950 Inponit
275 866 444 951 redditque
468 867 555 931 ulnis
578 871 711 951 portare
734 871 916 952 parentum.

163 954 249 1021 Ecce
272 956 328 1021 sed
351 977 369 1019 e
392 954 514 1040 populo
537 955 677 1037 invenie,
700 955 752 1020 cui
774 977 851 1020 rura
874 954 1052 1040 domusque

116 1043 164 1108 Et
188 1064 270 1127 gaza
292 1044 457 1124 exstabat,
480 1064 588 1107 rerum
611 1045 775 1128 possessio
798 1043 942 1128 fulgens,

118 1132 256 1197 Accedit
278 1131 509 1216 Christumque
532 1132 643 1215 palam
667 1133 846 1196 submissus
870 1132 997 1197 adorat:
1081 1148 1133 1199 000

116 1220 164 1303 „0
189 1222 273 1286 bone
297 1223 496 1304 praeceptor,
518 1220 569 1285 dic
591 1242 691 1305 nunc,
714 1242 795 1305 quae
818 1220 906 1285 facta
929 1242 1110 1306 sequamur,

117 1307 167 1373 Ut
189 1309 271 1373 mihi
293 1312 483 1394 perpetuam
507 1309 604 1374 liceat
627 1310 856 1391 comprendere
879 1309 1026 1374 vitam?“
1127 1336 1131 1342 ·

116 1396 182 1462 His
206 1401 319 1464 auctor
341 1398 428 1462 vitae
451 1401 521 1461 tum
544 1397 626 1461 talia
649 1397 756 1461 reddit
777 1396 884 1461 Iesus:

118 1485 238 1569 „Nunc
260 1486 389 1550 demum
413 1487 555 1570 quaeris,
578 1486 682 1550 veteri
706 1508 788 1571 quae
810 1485 883 1569 lege
906 1486 1081 1552 tenentur?

116 1574 152 1640 N
154 1597 198 1640 on
219 1575 361 1640 hominis
384 1576 523 1657 perimes
546 1574 661 1657 vitam,
684 1596 750 1640 non
772 1574 861 1638 furta
883 1578 1031 1642 tororum
1081 1590 1133 1641 500

117 1662 272 1748 Invades,
295 1666 506 1748 quaestumve
530 1662 644 1727 alienis
668 1664 766 1728 noxia
788 1664 885 1728 rebus

119 1752 214 1816 Mens
238 1755 294 1816 aut
318 1752 431 1816 dextra
454 1751 554 1835 leget,
576 1773 642 1816 non
665 1752 762 1815 testis
784 1750 870 1815 falsa
893 1751 1044 1836 loqueris.

116 1838 170 1905 Sit
193 1840 324 1926 genitor
347 1840 557 1925 genetrixque
580 1845 638 1905 tuo
663 1840 812 1905 sublimis
835 1840 971 1923 honore,

116 1929 291 1994 Proximus
315 1932 347 1992 et
369 1949 452 2011 puro
475 1949 534 2013 pro
557 1931 591 1992 te
613 1928 676 1993 tibi
699 1928 792 1994 cedat
815 1928 953 1993 amore.“

117 2018 179 2083 Ille
204 2016 330 2082 dehinc:
354 2016 483 2100 „Istaec
507 2037 634 2101 semper
657 2016 739 2080 mihi
761 2021 894 2102 perpete
917 2039 994 2082 cura
1080 2033 1133 2085 010

117 2105 302 2172 Observata
323 2128 405 2185 reor,
429 2105 485 2169 sed
507 2126 548 2169 ne
572 2104 649 2190 quid
672 2104 757 2171 forte
780 2105 931 2169 relictum

117 2193 227 2278 Desit,
249 2194 413 2279 praesenti
435 2194 531 2257 liceat
553 2215 605 2257 me
628 2215 707 2259 voce
730 2192 884 2258 monerif‘

118 2282 203 2348 Turn
227 2280 378 2348 Christus
401 2283 503 2347 fatur:
526 2280 644 2366 „Nunc
668 2282 696 2347 si
720 2281 863 2365 perfecta
886 2282 1024 2367 requiris

118 2371 280 2436 Prendere
302 2370 477 2456 praecelsis
500 2371 627 2435 meritis
649 2369 784 2455 fastigia
807 2370 908 2452 vitae,

117 2459 251 2543 Omnia,
274 2482 357 2544 quae
381 2459 514 2544 proprio
537 2459 660 2524 retines
684 2460 772 2524 solus
796 2458 978 2543 dominatu,
1078 2475 1130 2527 615

117 2547 273 2614 Distrahe
297 2551 331 2613 et
353 2549 395 2613 ad
417 2548 553 2613 miseros
577 2546 689 2613 confer
713 2568 844 2612 securus
868 2550 1010 2634 egentes.
1183 2544 1185 2547 ⁴

117 2636 203 2703 Tum
225 2638 398 2702 thesaurus
422 2636 484 2700 erit
507 2636 588 2701 caeli
610 2635 674 2700 tihi
697 2636 845 2702 conditus
869 2658 942 2701 arce

118 2724 325 2810 Virtutisque
348 2728 448 2805 tenax
470 2724 611 2810 vestiffl‘a
633 2728 750 2789 nostra
773 2719 943 2810 sequeris.“

117 2813 209 2879 Haec
232 2813 447 2879 adolescentis
470 2812 606 2878 veniunt
627 2813 684 2877 ubi
708 2812 795 2877 dicta
817 2835 875 2897 per
899 2834 1007 2897 aures,

117 2902 246 2969 Deiecit
267 2903 397 2968 vultum
420 2901 594 2986 tristisque¹
612 2901 647 2965 in
670 2904 758 2965 tecta
780 2899 910 2987 refugit.
1079 2918 1133 2968 sao

190 3100 243 3151 493
267 3093 320 3168 leti
331 3125 364 3134 -
375 3093 504 3149 ferebant
524 3092 564 3161 0¹,
584 3081 713 3148 ferebant
731 3093 812 3147 etiam
832 3091 1043 3149 Martem·
1056 3094 1066 3161 ss
1080 3097 1131 3147 497

117 3167 243 3222 humeris
257 3162 349 3220 Vrsae
371 3165 381 3234 t
404 3169 456 3219 499
475 3163 658 3234 gazaestabat
677 3163 719 3231 0²,
739 3179 825 3233 gazae
844 3162 937 3217 stabat
955 3162 1132 3228 Menas-¹,

155 3237 194 3292 uis
212 3238 308 3292 stabat
327 3237 403 3303 Mat,
422 3234 485 3305 gazi
504 3234 598 3289 stabat
618 3233 662 3287 Τ*
681 3237 760 3308 (gaze
778 3234 856 3303 ΙΨ),
876 3249 946 3302 gaza
963 3232 1137 3290 distabatM

152 3307 252 3378 Mp*A
262 3306 300 3361 1⁷²
318 3307 409 3376 (Beda
426 3308 459 3360 ia
475 3306 565 3360 Keilii
584 3305 705 3361 Gramm.
720 3307 778 3360 lctt.
792 3304 889 3375 VHp.
898 3305 975 3373 233),
991 3321 1063 3430 dqaae
1082 3304 1134 3360 ad-

118 3379 216 3435 stabat
239 3377 334 3444 V¹B*‚
359 3378 479 3432 Huemer
497 3378 514 3431 t.
534 3393 555 3430 c.
575 3392 647 3445 gaza
666 3376 777 3431 astabat
790 3378 800 3446 11
814 3381 865 3430 500
884 3374 972 3430 frater

117 3465 188 3520 puro
202 3452 213 3521 fl
226 3455 279 3505 510
297 3450 400 3503 cuncta
416 3446 506 3502 istaec
528 3446 621 3500 Vm*
639 3447 733 3521 (istqc)

1017 3375 1134 3442 ¹·³Mat,
