2600 3934
176 144 220 209 42
599 143 710 203 menn
727 144 761 201 11.

176 288 333 374 „Accipe,
357 288 443 374 quod
467 290 587 354 meruit
608 289 684 353 fidei
708 289 907 373 constantie,
929 292 1077 358 munus.“
1140 308 1193 358 395

178 379 225 445 nt
248 400 325 443 mcx
347 378 499 442 restricto
523 378 699 462 viguerunt
723 379 880 462 sanguine
903 399 1014 445 venue.

178 467 356 551 Postquam
379 469 572 549 perventum
595 469 659 550 est,
682 465 739 530 ubi
762 467 877 531 funere
899 466 1050 552 virginis,
1077 467 1195 553 ingens

179 553 370 640 Plangentis
392 554 506 638 populi
529 554 679 619 fremitus
703 555 903 640 clangorque
925 556 1080 622 tuberum

178 643 305 710 Ultima
327 664 496 727 supremae
520 643 730 708 celebrabant
753 665 888 707 munere
910 665 1062 728 pompeo:

178 730 401 816 „Abscedent
423 730 545 816 inquit,
565 733 662 797 tectis
685 731 766 796 heec
789 730 899 796 tristia
921 733 1049 798 vestris,
1141 750 1196 799 400

179 819 328 904 Namque
350 820 460 903 puella
482 820 566 884 iacet
588 819 716 903 placido
741 820 887 884 demersa
910 842 1041 904 sopore,

178 908 375 975 Defunctum
399 911 490 972 retur
512 907 648 972 flentum
672 930 770 992 quem
793 908 904 974 nescia
926 909 1068 992 plebes.“

179 997 273 1062 Talia
296 996 455 1061 dicentem
479 995 641 1060 ridentum
665 995 763 1061 turbe
785 996 930 1081 reliquit,
1132 1004 1133 1009 ’

180 1084 273 1161 Quod
297 1088 402 1150 morte
426 1084 596 1167 abreptam
620 1084 703 1149 dixit
726 1084 866 1150 dormire
889 1085 1042 1169 puellam.

180 1172 243 1239 Sed
266 1171 430 1256 christae,
453 1172 512 1237 leti
536 1175 641 1238 victor
664 1166 814 1258 vitaeque
837 1177 994 1257 repertor,
1142 1182 1206 1240 40'5'
1298 1218 1299 1247 1

180 1261 345 1347 Frigentis
369 1261 516 1326 dextram
539 1262 694 1346 dignatus
718 1262 874 1346 prendere
898 1261 1012 1328 dextre

181 1348 322 1435 Surgere
346 1372 422 1415 mox
444 1349 541 1415 iussit
563 1349 712 1415 miranda
735 1349 776 1414 ad
800 1350 919 1436 gaudio
941 1351 1057 1435 petris,

224 1437 304 1503 lude
327 1439 506 1503 revertenti
528 1439 652 1504 elamor
675 1460 710 1502 ee
733 1439 883 1523 protinus
907 1439 1003 1504 offert

183 1525 363 1593 Oceccrum
384 1526 509 1612 pariter
532 1547 648 1612 gressu
671 1527 801 1591 labente
825 1528 971 1593 duorum.

181 1615 264 1681 Ollis
289 1614 438 1686 Christus
461 1617 524 1680 ait:
547 1613 605 1699 „Si
629 1615 766 1679 credunt
788 1620 921 1698 pectora
945 1619 1066 1697 vestra,
1141 1631 1199 1681 410

181 1703 270 1770 Num
293 1704 415 1769 virtute
438 1726 512 1768 mee
535 1725 569 1768 se
592 1703 705 1768 reddet
728 1704 839 1768 lumen
861 1703 1093 1790 ademptum‘?“

181 1791 249 1857 Olli
272 1794 402 1857 firmato
426 1813 461 1856 se
485 1791 613 1856 credere
636 1792 732 1857 corde
755 1791 908 1857 fatentur.

180 1881 263 1945 Tum
289 1878 441 1946 Christus
462 1880 564 1946 fatur:
587 1878 786 1965 „Credentes
811 1881 932 1947 cernite
955 1882 1061 1947 lucem

181 1968 250 2035 Nec
273 1970 422 2053 cuiquam
444 1973 595 2035 nostrum
618 1970 796 2053 posthaec
819 1969 934 2035 edicite
955 1967 1103 2034 nomem“

182 2057 287 2141 Dixit,
313 2057 368 2122 sed
391 2080 528 2142 propere
552 2079 610 2143 per
634 2058 754 2144 gaudie
777 2061 871 2123 tento
893 2058 1061 2123 ridentum
1144 2073 1199 2123 415

184 2146 292 2212 Ardor
314 2146 496 2229 inexpletus
519 2146 641 2211 famem
665 2169 723 2231 per
746 2150 861 2212 cuncte
885 2146 1022 2212 serebat.

227 2233 434 2318 Offerturque
458 2234 573 2300 dehinc
595 2235 734 2317 iuvenis,
758 2235 809 2299 cui
832 2239 929 2317 repta
952 2257 1090 2301 sonorae

183 2323 360 2389 Daemonis
382 2323 515 2388 incursu
537 2324 644 2388 fueret
667 2322 852 2388 substantia
874 2323 972 2389 vocis.

183 2412 247 2477 Ast
270 2412 326 2476 ubi
349 2412 523 2495 propulsus
546 2411 632 2495 fugit
656 2411 694 2475 de
717 2416 846 2494 pectore
870 2411 1022 2493 daemon,
1051 2414 1053 2421 ’
1258 2474 1262 2479 .

184 2499 366 2566 Confestim
390 2521 488 2565 senae
510 2499 676 2565 redierunt
698 2521 832 2564 munera
855 2499 995 2586 linguae.
1026 2512 1028 2517 ’
1144 2516 1201 2566 420

184 2588 279 2653 Talia
301 2588 451 2653 mirantis
474 2588 589 2672 populi
612 2588 756 2671 stipante
778 2589 922 2654 tumultu

184 2674 350 2762 Vellotur3
374 2697 506 2742 cernens
530 2676 588 2742 sed
609 2677 702 2741 milia
723 2680 817 2741 tante
840 2677 984 2743 virorum

184 2766 340 2853 ingemit,
362 2769 400 2829 ut
422 2764 506 2829 ruris
530 2765 696 2848 dominus,
719 2765 771 2830 cui
793 2787 916 2849 pascua
939 2767 1026 2833 laeta

185 2855 378 2921 Innumerae
401 2853 539 2918 tondent
562 2853 699 2937 pecudes
723 2854 858 2919 rectoris
882 2860 1024 2941 egentes.

185 2943 275 3008 Tunc
299 2942 340 3008 ad
363 2942 539 3027 discipulos
563 2942 725 3026 depromit
747 2943 829 3008 talia
853 2943 951 3008 dicta:
1146 2958 1201 3008 425
1294 2950 1295 2953 ’

180 3030 313 3116 ,Quam
337 3031 442 3096 laetae
466 3034 593 3116 segetes
617 3032 702 3097 ruris
725 3053 784 3116 per
807 3036 901 3117 terga
923 3033 1109 3117 patescunt!

186 3080 251 3186 ded
273 3141 365 3184 rarus
389 3140 513 3184 messor
535 3120 640 3205 frugis
664 3123 836 3204 superatur
859 3143 984 3187 acervo.

258 3351 310 3400 399
329 3362 445 3401 munero
463 3346 538 3415 ΒΜ,
558 3347 657 3401 funera
676 3346 911 3472 οῑνιΜαιΜέῃ
925 3352 976 3401 411
996 3347 1071 3402 Num
1092 3344 1126 3401 01
1136 3347 1205 3402 Mar

189 3417 244 3484 Mp
263 3416 397 3471 V¹·²*T*
416 3417 520 3485 (er
538 3419 570 3472 iu
587 3434 611 3470 v.
627 3421 682 3473 410
701 3417 776 3483 Qud
794 3435 844 3486 pro
883 3418 913 3486 i),
931 3417 1036 3489 Nuncfl
1057 3423 1109 3472 415
1132 3417 1207 3490 111111111111

185 3486 277 3540 >maior
296 3486 381 3543 0¹V¹
405 3490 534 3557 (propere
552 3503 661 3542 mecum
679 3494 737 3558 eet),
769 3487 944 3561 V¹MatMp
962 3505 1090 3560 propere,
1110 3489 1205 3544 maior
