2600 3934
162 151 203 215 78
387 229 388 233 Ν
578 148 689 203 arona
702 147 749 202 111.

161 294 333 361 Cultorum
357 294 552 359 certaturis
575 292 721 358 mercede
746 291 883 357 daretur.

159 384 242 449 Ecce
266 384 454 449 colonorum
478 382 587 447 rabies
608 382 670 447 hos
692 383 827 446 verbere
852 402 960 465 saevo,
987 427 993 440 .
1126 397 1177 447 720

159 473 223 536 Ast
246 472 330 536 alios
354 471 498 555 lapidum
522 475 709 554 proterrent
732 470 872 553 undique
897 470 988 555 telis,

157 559 308 644 Denique
331 560 431 636 letali,
446 563 659 644 prosternunt
680 560 813 624 vnlnere
836 558 970 624 multos.

158 648 242 712 Tum
266 649 417 713 dominus
440 648 524 713 ruris
549 649 659 732 plures
683 647 830 712 incedere
855 668 969 711 servos

157 736 323 822 Praecipit
347 741 379 802 et
402 759 530 802 rursum
554 735 712 801 mercedis
735 738 833 820 pacta
855 735 1014 819 reposcit,

157 826 265 891 Maior
288 830 322 890 at
344 826 378 890 in
401 826 512 911 plures
535 826 640 890 audax
663 824 783 888 iniuria
806 824 920 910 surgit.
1009 845 1011 848 ·
1121 840 1173 889 725
1278 835 1279 864 ³

158 913 286 979 Ultima
308 916 374 978 iam
398 914 530 979 domino
553 918 666 978 natum
690 914 853 977 dimittere
876 934 968 977 mens
991 917 1055 994 est,

157 1000 250 1078 Quod
273 1003 422 1067 subolem
446 1007 637 1087 partemque
662 1003 712 1066 sui
735 1003 785 1066 vis
809 1002 908 1087 digna
930 1001 1064 1085 pudoris

158 1089 328 1156 Oultornm
352 1092 442 1156 cordi
464 1091 682 1156 venerandam
706 1095 853 1174 posceret
876 1110 955 1154 esse.

157 1178 220 1244 Sed
245 1183 360 1245 contra
383 1179 515 1244 illorum
537 1180 604 1243 iam
628 1200 719 1242 mens
743 1179 908 1244 maculata
931 1201 1048 1245 cruore-

155 1267 318 1354 Progenie
341 1270 501 1333 exstincta
523 1268 647 1333 domini
671 1267 734 1331 sibi
757 1271 834 1352 post
857 1267 1062 1334 dominatum
1121 1285 1173 1335 770

156 1354 276 1421 Cedere
300 1358 501 1442 credentum,
524 1356 645 1422 crudeli
669 1356 801 1420 vnlnere
824 1356 926 1420 fixum

155 1443 361 1510 Obtruncant
384 1446 568 1530 iaciuntque
590 1445 681 1509 foras
704 1450 797 1509 trans
821 1448 936 1528 saepta
959 1445 1106 1510 cadaver.

154 1532 236 1599 Post
259 1534 339 1599 haec
362 1535 428 1600 iam
451 1534 601 1599 dominus
625 1534 734 1598 veniet
757 1555 943 1617 poenasque
966 1540 1117 1618 reposcet

136 1621 333 1696 ‚Tantorum
359 1624 524 1687 scelerum.
562 1621 624 1687 Sed
646 1622 740 1687 vobis
764 1622 887 1686 tradita
910 1624 1073 1705 quondam

99 1709 105 1719 ’
154 1709 323 1795 Fulgentis
347 1711 441 1796 regni
464 1711 556 1775 sedes
580 1711 742 1775 translata
765 1712 888 1776 feretur
1118 1729 1169 1778 735

155 1799 207 1864 Ad
230 1799 393 1882 placidam
417 1803 562 1884 gentem,
585 1800 691 1884 possit
716 1820 797 1883 quae
820 1799 953 1864 reddere
976 1799 1131 1866 fructus.“

197 1885 263 1971 „Ut
285 1909 355 1972 ren,
380 1888 435 1972 qui
458 1892 535 1953 nato
558 1888 781 1953 thalamorum
804 1888 934 1953 vincula
956 1893 1089 1955 nectens

154 1974 333 2062 Praecipit,
355 1981 393 2041 ut
438 1999 566 2043 roceres
590 1977 739 2042 convivia
761 1979 849 2042 laeta
871 1977 1092 2064 frequentent,

155 2066 288 2131 Accitos
311 2000 443 2131 famudi
467 2067 536 2132 voti
559 2067 681 2152 regalis
704 2066 862 2131 honorem

155 2153 390 2220 Concelebrare
415 2155 526 2240 simul;
550 2156 658 2220 cuncti
682 2154 738 2219 sed
762 2154 851 2219 adire
874 2160 1026 2220 recusant
1118 2171 1167 2220 740

152 2242 294 2329 Regales
317 2244 494 2327 thalamos,
518 2244 639 2328 regalis
663 2244 780 2327 pocula
803 2265 943 2308 mensae.

152 2330 234 2396 Post
257 2332 340 2395 alios
363 2333 479 2414 mittit,
503 2353 573 2396 sese
596 2331 785 2415 largissima
808 2337 923 2397 cuncta

152 2418 408 2504 Magnificasque
433 2421 544 2504 dapes,
567 2420 717 2485 convivia
740 2422 828 2485 laeta
850 2443 993 2504 parasse.

151 2506 208 2574 Illi
229 2508 387 2592 neglectis
411 2508 527 2593 opibus
550 2508 679 2573 diversa
702 2508 866 2594 petebant.

151 2594 214 2662 Hic
237 2596 334 2662 aedes
357 2597 518 2681 proprias,
542 2597 595 2661 hic
618 2597 704 2661 ruris
727 2602 814 2664 tecta
836 2599 1043 2684 propinqui,
1117 2613 1166 2663 745

151 2684 216 2750 Ast
239 2686 324 2751 alius
347 2707 469 2750 merces
491 2685 601 2771 potius
626 2708 664 2752 ac
686 2687 777 2751 lucra
799 2688 921 2752 revisit.

150 2773 249 2841 Multi
273 2780 442 2861 praeterea
465 2775 598 2859 missos,
622 2775 678 2861 qui
702 2776 743 2840 ad
765 2777 853 2840 laeta
875 2780 1047 2860 vocarent,

154 2862 306 2929 Insontes
329 2864 468 2929 famulos
492 2864 625 2948 rapiunt
648 2868 682 2929 et
705 2885 842 2947 corpora
864 2863 952 2929 ferro

150 2950 198 3018 In.
213 2957 353 3017 mortem
376 2954 529 3018 cruciant
568 2953 652 3016 Tum
674 2974 732 3016 rex
754 2953 811 3016 nbi
834 2954 992 3039 comperit
1016 2958 1103 3039 aeta,
1278 3009 1279 3040 ,

150 3039 284 3105 Milibus
309 3041 442 3106 armatis
466 3042 551 3107 cives
576 3063 650 3107 cum
674 3041 843 3106 moenibus
866 3042 947 3127 ipsis
1111 3058 1162 3108 750
1278 3123 1279 3128 ¹

152 3127 300 3213 Subruit,
324 3131 417 3195 effusi
438 3130 636 3196 famulorum
662 3130 830 3217 sanguinis
854 3132 951 3197 ultor.

152 3217 243 3284 Tunc
266 3219 369 3284 servis
392 3217 493 3283 fatur:
516 3219 613 3285 Nunc
635 3219 721 3284 festa
743 3220 867 3304 iugalia
890 3241 1001 3305 cenae,

219 3361 272 3409 735
294 3355 414 3409 refertur
437 3356 475 3408 M
480 3356 524 3408 Β*
564 3359 574 3424 ΙΙ
617 3363 668 3411 736
691 3357 736 3410 Ad
759 3360 873 3429 gentem
896 3359 997 3429 dignos
1015 3358 1163 3429 R0³V²ll

152 3428 203 3477 738
229 3424 372 3492 Praecipit
399 3425 431 3477 ut
458 3426 595 3479 Areoalua
622 3430 748 3497 conant,
772 3429 920 3499 Praecepit
941 3430 1017 3486 codd.
1038 3427 1161 3500 (Praeci-

151 3492 195 3558 pu
212 3493 259 3560 Μ)
