2600 3934
513 149 547 205 V.
567 156 717 224 sar-rso.
1075 151 1117 217 73

104 296 183 381 Ipse
205 294 262 361 sed
286 293 470 381 egrediens,
492 295 549 361 ubi
571 296 672 361 tertia
693 299 829 361 venerat
850 295 946 375 hora,

103 384 234 450 Invenit
257 404 330 449 ecca
354 383 436 449 alios
460 385 613 470 operique
636 384 821 450 adcrescere
844 386 954 470 iussit,

18 495 20 498 ·
103 473 167 539 Pro
191 470 318 539 meritis
341 494 475 557 operum
498 473 695 558 promittens
718 474 865 558 praemia
888 473 1001 559 digna3

105 562 161 628 ssli
183 582 252 629 non
274 560 372 626 aliter
394 560 473 626 laeti
495 565 670 648 praecepta
693 565 881 646 sequuntur.

75 668 79 679 ’
102 650 168 715 Ast
190 648 248 715 ubi
271 652 364 714 sexta
387 648 501 715 dehinc
524 650 605 716 lucis
628 651 862 715 transfluxerat
882 652 978 736 hora,
1065 668 1118 720 560

103 738 196 805 Haut
219 759 311 804 aecus
334 738 411 804 hinc
434 739 517 804 alios
539 739 671 805 iuvenes
695 739 872 806 conducere
895 742 1012 826 pergit

103 826 260 912 Horaque
282 847 370 891 nona
392 826 508 893 dehinc
531 828 587 893 ubi
612 828 693 893 solis
716 828 864 894 cursibus
888 832 962 895 acta
985 833 1048 914 est,

105 915 197 981 Tunc
220 915 303 980 alios
325 915 448 999 pariter
471 916 647 982 conductos
670 916 766 981 iussit
789 917 887 984 adire.

103 1003 232 1070 Ultima
254 1004 397 1069 labentis
420 1005 568 1070 restabat
591 1006 699 1088 portio
723 1005 819 1070 lucis:

102 1093 266 1178 Egressus
290 1092 393 1158 cernit
415 1092 547 1159 iuvenes
571 1116 749 1179 causasque
772 1093 923 1179 requirit,
1063 1110 1115 1161 ooo

104 1180 169 1247 Cur
192 1181 295 1266 pigris
319 1181 470 1247 manibus
493 1186 662 1266 torperent
685 1183 755 1248 otia
776 1184 875 1248 lenta.

103 1270 224 1350 Aiunt,
247 1269 455 1335 conductoris
479 1272 565 1355 quod
588 1275 762 1356 praecepta
785 1271 924 1337 fuissent

106 1358 208 1424 Nulla
232 1358 302 1423 sibi.
338 1357 499 1424 Dominus
522 1382 597 1424 mox
620 1360 682 1426 hos
705 1359 855 1425 insistere
878 1362 947 1425 ruri

105 1446 197 1512 Tunc
221 1446 320 1514 etiam
342 1448 447 1512 iussit
484 1447 547 1514 Sed
569 1469 703 1532 vespere
725 1448 873 1533 protinus
897 1453 970 1515 orto

104 1535 282 1621 Praecipit,
305 1539 344 1601 ut
365 1536 474 1602 cuncti
497 1542 651 1622 caperent
673 1537 829 1603 mercedis
851 1537 1009 1603 honorem
1066 1555 1119 1605 5⁵10

104 1621 308 1709 Aequalique
332 1646 448 1713 ornnes¹
467 1629 637 1708 portarent
658 1626 804 1710 praemia
826 1648 968 1691 nummo.

104 1712 195 1778 Tunc
220 1734 334 1779 manus
357 1713 416 1777 illa
439 1715 559 1798 virum,
582 1716 691 1799 prima
713 1736 796 1800 quae
819 1716 890 1780 luce
914 1716 1060 1781 laborem

106 1800 292 1870 Sustulerat
312 1801 474 1888 factuque
498 1802 583 1867 diem
606 1803 805 1868 toleraverat
828 1825 980 1889 aequum,

105 1889 286 1975 Indignaris
309 1911 417 1956 secum
440 1891 499 1955 tali
523 1913 595 1957 eum
618 1914 783 1957 murmure
805 1892 906 1958 fatur:

105 1977 270 2045 Iniustum
287 1983 350 2063 ast,
364 1979 439 2044 istis
459 1979 599 2045 similem
617 2002 678 2046 nos
698 2002 852 2065 quaerere
870 2003 1052 2065 nummum,
1066 1996 1118 2048 5⁷5

105 2066 233 2133 Ultima
256 2089 337 2152 quos
360 2067 467 2153 operis
491 2089 563 2133 sero
587 2068 798 2134 coniunxerat
819 2068 910 2135 hora

107 2155 189 2221 Tum
213 2156 362 2222 dominus
385 2157 470 2222 ruris
494 2156 606 2221 sedato
627 2162 759 2242 pectore
782 2157 883 2223 fatur:

105 2244 250 2309 Iulibata
271 2244 333 2310 tibi
355 2244 511 2311 mercedis
534 2245 643 2328 portio
667 2246 777 2311 salvae

106 2331 266 2398 Redditur
289 2337 323 2397 et
344 2334 435 2417 pacti
458 2337 630 2399 servantur
652 2333 724 2399 iura
746 2334 861 2399 fidelis.

105 2421 185 2487 Istis
208 2422 248 2487 de
268 2426 383 2488 nostro
406 2422 503 2488 liceat
526 2423 699 2488 concedere
721 2426 864 2505 tantum,
1065 2440 1118 2491 580

106 2510 240 2576 Extima
263 2531 346 2595 quos
369 2510 476 2595 operis
500 2511 699 2596 glomeravit
720 2512 829 2596 portio
852 2512 929 2577 ruri.

105 2596 191 2664 Nam
216 2600 338 2664 multos
361 2599 510 2665 homines
533 2599 681 2686 dignatio
704 2604 819 2666 sancta
842 2600 982 2684 vocavit,

104 2687 133 2753 E
157 2686 230 2772 quis
253 2688 481 2772 perminimam
504 2688 638 2774 dignum
662 2692 713 2754 est
735 2711 900 2758 secernere
922 2689 1077 2774 partem.“

151 2775 242 2842 Haec
265 2776 313 2843 ait
335 2781 369 2842 et
392 2775 540 2861 Solymos
564 2778 685 2862 repetit
707 2778 904 2862 comitesque
928 2798 1075 2843 seorsum

103 2863 304 2949 Adloquitur
326 2864 469 2949 solisque
491 2865 611 2931 iterum
633 2866 823 2951 regionibus
845 2865 932 2932 infit:
1067 2881 1119 2932 585

103 2951 335 3039 „Ingredimnr
358 2953 454 3040 gnari
475 2955 723 3038 truculentaque
745 2955 873 3019 moenia
896 2954 1029 3026 adimus.

67 3050 77 3068 ‘
104 3039 211 3108 Filius
234 3040 287 3114 hic
309 3041 451 3108 hominis
473 3042 629 3126 prodetur
653 3042 693 3108 ad
716 3043 834 3108 ultima
855 3043 987 3128 mortis,

106 3127 295 3198 Scribarum
317 3153 551 3215 procerumque
572 3131 681 3197 ferens
702 3131 844 3197 ludibria
866 3132 1035 3217 membris,

106 3217 308 3303 Adfixusque
331 3221 417 3285 cruci
439 3225 518 3304 post
539 3220 638 3286 tertia
660 3220 784 3285 lumina
806 3221 947 3307 surget“

178 3362 230 3413 576
248 3361 283 3414 ut
298 3373 350 3414 nos
370 3359 408 3413 Μ
416 3361 439 3484 gl
450 3363 503 3413 5'16
527 3357 728 3416 coniuncxsrat
741 3346 780 3414 '0¹
797 3360 808 3427 l
825 3363 877 3415 581
896 3358 1005 3415 Ultima
1022 3359 1120 3415 ΗΒΕ

105 3426 147 3482 0⁸-
168 3430 179 3500 ῃ
201 3433 254 3485 5OE
274 3427 395 3498 solisque
444 3429 552 3498 ιΜΝ,
571 3428 718 3501 solitisque
736 3429 920 3498 RMWL,
939 3430 1120 3502 solimisqnel

102 3498 184 3556 sarrs
204 3498 491 3571 anrrrnrrp
