2600 3934
447 175 556 230 LIBER
573 175 595 232 I.
631 177 665 232 V.
686 182 780 231 1-48.

109 321 138 385 E
162 320 245 385 caeli
269 320 351 385 solio
374 321 438 386 tibi
459 342 545 386 nunc
567 320 602 384 in
625 322 725 386 verba
747 322 857 386 venire

108 408 274 493 Praecipit
296 412 329 473 et
352 430 428 473 cara
450 410 513 474 tibi
535 431 652 481 mone
676 410 812 497 coniuge
833 414 950 476 natum

109 497 295 579 Promittit,
319 498 453 582 grandis
476 520 586 563 rerum
610 499 662 564 cui
685 500 791 585 gloria
813 503 932 583 rescae,

108 586 257 651 Plurima
279 586 335 670 qui
357 586 487 671 populis
510 587 671 652 nascendo
696 588 815 673 gaudia
838 592 986 673 quaeret3
1089 607 1123 656 20

110 674 246 740 Sobrius
271 677 452 759 aeternum,
476 675 622 740 clausum
646 697 744 761 quem
768 675 910 761 Spiritus
929 677 1010 763 ipsis

110 762 299 827 Visceribus
323 763 438 828 matris
461 764 637 847 complebit
660 765 793 830 numine
816 766 912 830 claro.

108 851 211 917 Istius
233 851 288 915 hic
311 851 424 936 populi
447 855 572 935 partem
595 853 785 938 pleramque
809 854 952 919 docendo

108 939 162 1003 Ad
185 960 297 1004 verum
321 943 489 1005 convertet
512 941 588 1024 iter,
611 941 853 1027 Dominamque
875 943 1043 1026 Deumque

109 1026 273 1093 Continuo
297 1028 421 1112 primus
444 1031 558 1094 noscet
580 1030 772 1114 plebemque
794 1032 940 1097 novabit.
1088 1047 1122 1097 25

107 1116 251 1182 Nomine
274 1115 453 1182 Iohannem
475 1118 562 1183 hunc
584 1123 621 1183 tu
644 1119 787 1184 vocitare
810 1120 1003 1187 memento.“

109 1203 177 1269 Olli
200 1205 336 1271 confusa
358 1206 527 1291 respondit
550 1211 658 1272 mente
682 1208 845 1273 sacerdos:

109 1293 270 1373 „Aemula
292 1294 463 1379 promissis
487 1295 621 1359 obsistit
642 1296 764 1361 talibus
788 1302 893 1380 aetas,

107 1381 178 1447 Nec
201 1382 331 1447 senibus
355 1382 441 1447 fetus
464 1383 586 1467 poterit
609 1385 795 1469 contingere
817 1384 926 1468 fessis,

109 1470 214 1546 Quem
239 1470 316 1535 deus
340 1476 489 1536 avertens
512 1472 680 1555 primaevo
703 1473 739 1536 in
761 1472 840 1537 flore
863 1474 1024 1559 negavit.“
1088 1491 1123 1540 30

107 1558 200 1624 Haec
221 1559 388 1644 trepidans
411 1563 518 1645 vates3
541 1560 592 1625 cui
614 1560 698 1625 talia
720 1561 853 1626 nuntius
877 1561 982 1626 addit:

106 1646 166 1733 „si
188 1648 251 1712 tibi
272 1648 420 1713 mortalis
444 1649 591 1714 subolem
614 1650 823 1734 promitteret
845 1651 945 1736 ullus,

108 1735 163 1799 Ad
187 1735 422 1821 desperandum
445 1737 557 1803 forsan
581 1738 744 1803 cunctatio
768 1739 887 1803 mentis

106 1824 276 1889 Debuerat
298 1825 401 1889 tardis
424 1825 562 1891 haerens
585 1827 737 1891 insistere
760 1828 878 1892 verbis.

107 1912 203 1978 Nunc
227 1934 301 1999 ego,
324 1936 419 1998 quem
443 1913 618 1994 Dominus
642 1916 726 1993 caeli
737 1918 907 2001 terraeque
921 1920 1078 2002 repertor,
1089 1934 1123 1983 35

107 2001 198 2066 Ante
222 2024 298 2067 suos
322 2004 433 2067 vultus
455 2003 561 2068 voluit
583 2025 699 2088 parere
723 2005 921 2088 ministrum,

107 2090 253 2157 Auribus
277 2090 417 2176 ingratis
439 2092 581 2156 hominis
605 2092 742 2176 visuque
765 2098 926 2177 receptus,

108 2177 258 2263 Supremi
281 2179 436 2244 mandata
458 2179 520 2244 Dei
543 2181 717 2245 temnenda
738 2181 859 2265 peregi.

108 2266 216 2342 Quare
239 2268 410 2352 promissis
433 2272 543 2333 manet
566 2269 784 2334 inrevocabile
808 2269 942 2354 donum,

108 2352 173 2418 Sed
195 2356 256 2420 tibi
280 2356 448 2422 claudetur
471 2358 603 2441 rapidae
625 2380 690 2422 vox
712 2357 828 2422 nuntia
852 2359 984 2438 mentis,
1086 2376 1121 2423 40

107 2441 222 2508 Donec
244 2449 360 2510 cuncta
383 2446 445 2510 Dei
467 2447 638 2511 firmentur
661 2468 796 2511 munera
818 2446 942 2512 vobis.“

106 2530 199 2596 Haec
222 2533 268 2596 ait
292 2537 324 2598 et
347 2555 417 2598 sese
441 2535 562 2599 teneris
585 2535 752 2601 inmiscuit
775 2535 872 2600 auris.

174 2619 303 2686 Interea
325 2624 466 2705 populus
489 2624 646 2688 miracula
668 2624 768 2709 longa
790 2624 958 2709 trahebat,

106 2707 193 2783 Quid
215 2713 344 2775 tantum
366 2711 402 2775 in
425 2712 547 2797 templo
570 2713 670 2776 vellet
693 2734 820 2778 cessare
843 2714 1001 2778 sacerdos.

105 2795 306 2883 Progressus
329 2799 456 2884 trepide
478 2822 599 2866 numen
621 2800 741 2866 vidisse
765 2823 939 2885 supernum
1086 2819 1120 2867 45

105 2884 252 2950 Nutibus
276 2888 404 2953 edocuit
427 2888 564 2954 miserae
588 2893 621 2953 et
645 2889 814 2972 dispendia
836 2891 934 2956 vocis

104 2973 187 3039 Inde
210 2975 341 3041 domum
365 2981 489 3042 remeat
513 2978 676 3062 completo
700 3000 739 3042 ex
763 2978 874 3043 ordine
896 2983 987 3044 vates

106 3060 237 3144 Officio,
262 3066 480 3150 amissamque
504 3067 615 3131 levant
637 3066 800 3152 promisso
822 3067 1014 3154 loquellam3

178 3241 213 3290 23
231 3237 400 3308 plebemque
418 3240 465 3295 sed
482 3239 518 3294 be
536 3241 569 3294 in
590 3257 645 3294 ras.
664 3241 706 3309 0¹,
725 3241 887 3309 pleramque
906 3243 953 3296 sed
966 3259 998 3297 ra
1011 3244 1121 3310 turca,

104 3305 176 3376 pler.
195 3307 224 3362 R
246 3309 256 3377 ll
283 3314 317 3363 25
336 3310 453 3365 novabit
477 3310 514 3363 1⁷¹
523 3311 588 3365 Met
596 3312 659 3380 Mp,
685 3309 802 3365 vocabit
819 3313 851 3367 iu
868 3329 924 3369 rac.
946 3312 987 3379 0¹,
1006 3313 1121 3367 novabit

84 3381 138 3433 aa
155 3395 211 3435 ras.
226 3379 269 3447 M,
287 3379 401 3435 vocabit
418 3381 517 3451 31140
535 3381 647 3456 trepide
666 3383 705 3437 M
720 3384 730 3450 l
749 3388 783 3436 46
802 3385 832 3437 et
850 3385 913 3439 add.
933 3388 972 3438 est
989 3401 1008 3438 c
1020 3384 1120 3450 pleris-

105 3465 159 3518 que
171 3451 243 3577 Ilii
257 3449 394 3577 diluerem
405 3452 443 3507 M
450 3451 491 3506 V'
509 3457 548 3522 (q;
566 3454 678 3523 abrae),
697 3454 761 3521 fort.
781 3455 882 3525 repent.
899 3454 1002 3507 misera
1020 3455 1049 3507 et
1062 3454 1071 3523 l
1084 3458 1118 3507 47

104 3536 177 3590 oonp
190 3537 205 3576 e
