2600 3934
520 167 554 222 7.
572 172 724 223 ser-sos.
1082 164 1126 229 95

109 308 210 378 Diues
234 312 267 375 et
289 308 469 395 Christum,
491 309 672 376 fortissime
694 311 806 397 Petre,
827 310 978 397 negabis,

106 400 157 467 Et
178 399 284 484 prius,
307 397 443 463 alitibus
463 404 618 466 resonent
640 422 739 485 quam
761 405 851 467 tecte
873 399 1073 467 domorum.“

106 488 158 556 At
179 488 310 554 Petrus:
332 486 481 572 „Duram
503 491 644 554 mortem
667 490 749 555 mihi
773 511 898 555 sumere
922 488 1049 575 malim,
1072 505 1125 557 475

105 576 184 645 Vox
207 575 311 644 oblita
334 597 429 641 suum
453 598 551 662 quam
574 577 713 664 deneget
735 578 801 644 ists
824 577 1047 662 magistrmn.“

106 666 179 733 Has
198 665 288 731 uires
311 664 419 731 eordis
440 669 590 749 perstant
611 667 804 749 promittere
826 668 942 733 euneti.

154 753 306 820 Nominis
329 752 473 819 Hebraei
495 757 572 820 sunt
595 754 827 820 Gessemaneia
849 777 934 821 rurs.

107 842 175 909 Illo
198 842 406 927 progreditur
428 842 510 908 lueis
534 843 684 928 vitaeque
706 848 864 930 repertor,

110 930 208 998 circa
231 930 382 1015 discipuli
404 930 485 996 Iuda
507 931 655 1018 fugiente
679 936 868 1016 sequuntur.
1072 950 1125 1001 480

109 1020 223 1106 Atque
245 1020 314 1085 illie
336 1018 479 1106 reliquos
502 1020 598 1086 iussit
619 1021 762 1086 residere
786 1020 965 1087 ministros.

107 1110 186 1194 Ipse
209 1109 266 1175 sed
289 1108 463 1194 adsumpto
486 1108 585 1195 longe
607 1110 783 1194 proaedere
804 1109 903 1175 Petro

109 1197 313 1283 Zebedeique
335 1197 433 1263 simul
455 1198 544 1263 natis
567 1219 626 1282 per
648 1198 743 1265 devia
765 1198 880 1264 tendit

108 1288 201 1353 {lime
224 1307 346 1373 angore
369 1286 462 1373 gravi
485 1290 631 1352 maestus
654 1287 700 1360 sie
723 1308 802 1353 voee
825 1287 987 1372 profatur:

107 1375 251 1461 „Tristia
272 1396 358 1440 nune
379 1375 513 1441 volvens
537 1375 665 1441 animus
687 1376 769 1441 mihi
790 1380 924 1461 pectora
946 1377 1059 1444 turbat
1072 1394 1126 1445 486

108 1464 218 1530 Morte
239 1467 349 1548 tenus,
372 1462 428 1528 sed
446 1485 533 1530 nuno
550 1486 610 1530 vos
629 1485 765 1551 segnem
783 1465 942 1530 excludite
964 1488 1126 1553 somnum,

104 1552 361 1637 ,Sollicitamque
384 1552 481 1617 simul
504 1553 669 1645 vigilando
693 1554 800 1620 dueite
822 1554 980 1620 noetem.“

109 1641 202 1710 Haeo
226 1641 273 1708 eit
296 1645 330 1706 et
352 1641 487 1726 paulum
509 1643 687 1726 proeedens
710 1664 845 1727 eorpore
868 1647 991 1710 terram

110 1730 278 1816 Deprimit
301 1733 335 1795 et
357 1730 418 1795 tali
441 1730 605 1815 proiectus
628 1752 708 1796 vooe
730 1735 894 1816 precatur:

109 1818 171 1903 „Si
193 1819 244 1885 fas
267 1822 331 1903 est,
354 1819 497 1905 genitor,
520 1819 631 1885 caliois
655 1841 707 1884 me
730 1824 878 1886 transeat
900 1819 996 1886 huius
1072 1837 1126 1889 490

110 1907 306 1974 Incumbens
329 1907 439 1973 valido
461 1908 560 1974 nobis
581 1909 739 1974 violentia
760 1913 876 1975 treetu.

111 1995 176 2063 Sed
199 2001 257 2062 tua
278 1996 345 2062 iam
367 1996 478 2062 veniat
499 1996 623 2081 potius,
647 2019 746 2082 quem
768 2001 885 2064 nostre
907 1999 1072 2083 voluntas,

112 2086 202 2163 Quae
224 2085 288 2150 tibi
310 2085 440 2151 deerete
462 2089 512 2150 est
534 2086 637 2151 tantis
662 2086 824 2152 sententie
845 2085 972 2152 rebus.“

157 2174 248 2239 Tune
261 2174 313 2239 ad
336 2174 511 2259 discipulos
534 2174 677 2259 repedat,
699 2174 756 2240 sed
779 2196 911 2242 somnus
935 2175 1060 2241 anhelis

112 2263 301 2329 Prostratos
324 2266 431 2328 terrae
455 2263 611 2328 membris
633 2263 830 2329 dissolverat
852 2285 974 2329 omnes.
1072 2279 1125 2330 495

112 2351 204 2417 Turre
227 2352 274 2418 ait
296 2352 338 2418 ed
359 2350 507 2417 Petrum:
529 2350 630 2436 „Non
653 2356 703 2418 est
727 2353 807 2417 mihi
828 2373 949 2438 ponere
971 2353 1078 2421 virtus

112 2439 223 2507 Unam
245 2441 439 2527 pervigilem
461 2441 564 2506 tantis
588 2442 648 2507 sub
672 2441 801 2507 casibus
823 2442 962 2508 horam?

114 2528 179 2595 Sed
201 2529 350 2615 vigilate,
373 2550 501 2614 preoor,
522 2552 564 2595 ue
586 2551 645 2595 vos
668 2530 842 2615 temptatio
864 2535 977 2616 reptos

72 2660 76 2668 -
111 2617 257 2683 Horrida
278 2618 473 2703 praecipitet
494 2640 612 2685 saevae
632 2641 692 2704 per
713 2619 838 2685 lubrica
861 2620 986 2685 mortis.

113 2706 255 2792 Spiritus
278 2708 342 2771 iste
365 2707 468 2793 viget,
492 2708 549 2773 sed
572 2729 691 2792 eorpus
714 2708 820 2773 debile
842 2707 961 2773 labat.“
1074 2724 1126 2774 500

114 2794 256 2861 Seeessit
278 2817 390 2861 rursus
414 2796 530 2861 seereti
552 2797 675 2861 montis
697 2796 733 2861 in
755 2817 862 2861 arcem

113 2884 302 2969 Orabetque
324 2887 464 2969 patrem:
487 2884 630 2969 „Rerum
653 2884 825 2950 mitissime
847 2887 965 2968 reetor,

111 2972 210 3046 Hune
233 2973 387 3057 quoniam
409 2973 543 3039 oalieem
564 2995 632 3039 non
654 2978 706 3039 est
727 2973 867 3039 transire
890 2976 1050 3058 potestas,

111 3061 183 3127 lem
206 3065 264 3126 tua
284 3063 457 3146 proveriiat
477 3066 592 3127 nostra
614 3062 653 3127 de
677 3066 765 3128 sorte
788 3061 968 3128 voluntas.“

111 3150 238 3217 Rursus
261 3150 437 3236 discipulos
460 3152 567 3217 somni
591 3153 650 3217 sub
673 3152 816 3237 pondere
838 3161 968 3236 pressos
1073 3165 1126 3218 tot
1179 3157 1181 3162 ’

113 3306 199 3361 undis
209 3307 237 3362 R
250 3308 261 3377 l
274 3313 327 3363 476
346 3308 446 3363 auditu
463 3308 502 3362 M
508 3307 581 3362 Vm
594 3310 604 3378 fl
622 3313 675 3364 478
695 3307 900 3364 Geaemaneids
917 3308 946 3362 R
959 3310 969 3379 ΙΙ
982 3313 1034 3363 479
1052 3305 1127 3377 iugis

113 3377 152 3432 M
161 3380 172 3448 l
184 3383 238 3433 480
258 3378 348 3444 Quem
365 3395 431 3433 mox
449 3378 618 3448 disoipuliR
629 3380 666 3433 V’
679 3382 690 3450 l
703 3386 754 3435 482
770 3379 889 3449 111le
902 3386 955 3435 484
970 3377 1127 3433 Tristitiem

111 3450 231 3578 ippprffi
249 3449 288 3505 M
297 3451 307 3519 l
320 3454 372 3505 492
392 3449 447 3505 Sed
464 3452 561 3506 tamen
579 3451 713 3506 adveniat
730 3451 797 3506 MR
816 3453 826 3521 fl
848 3456 901 3506 496
919 3449 1071 3506 Prostretis
1091 3448 1126 3504 0ι
