2600 3934
515 172 550 228 V.
570 178 721 230 ote-5⁷⁷.
1076 174 1119 240 47

104 317 366 402 Flammipedum
389 319 502 402 rapuit
523 320 687 387 simulatio
712 321 986 408 quadriiugorum.

102 405 228 471 Audiat
249 407 330 472 haec
353 407 449 472 dictis
471 408 618 492 pandens
639 408 795 474 vitalibus
819 432 921 476 eures.

148 494 245 561 Nunc
267 494 330 561 tibi
352 496 517 581 confiteor,
541 498 682 582 genitor,
703 498 754 564 cui
777 499 881 583 gloria
904 500 1005 564 servit

102 583 275 669 Fulgentis
299 584 381 648 caeli
404 590 438 648 et
459 587 621 649 terrarum
643 585 907 672 frugiferentum,

104 671 232 738 Oelasti
253 694 339 737 nune
363 672 448 756 quod
471 673 675 757 sapientibus
698 676 764 739 ista
786 675 933 763 superbis
1067 691 1120 741 550

102 759 310 844 Parvulaque
332 760 494 826 infantum
516 761 567 827 515
589 762 671 827 haec
694 764 925 846 comprendere
947 765 1052 831 corda.

103 847 176 914 Iam
199 848 281 913 mihi
303 849 474 935 regnantis
497 855 575 917 sunt
597 851 707 916 omnia
731 851 851 917 tradita
872 854 991 938 patris,

104 937 176 1003 Nec
199 938 370 1022 quisquam
394 937 529 1003 Domini
550 940 673 1022 poterit
696 960 890 1025 cognoscere
912 946 1041 1027 natam,

36 1096 42 1105 ,
103 1025 150 1090 Ni
173 1028 263 1092 solus
287 1027 429 1111 genitor3
452 1027 635 1113 genitorem
656 1035 767 1093 mente
789 1028 913 1093 videbit

103 1112 224 1197 Filius,
247 1118 305 1179 aut
327 1114 413 1179 idam
436 1115 557 1198 pandet
580 1117 631 1181 cui
654 1115 738 1181 talia
759 1120 866 1182 natus.
1068 1133 1120 1187 555

104 1201 178 1268 Huc
202 1224 314 1269 omnes
336 1204 482 1287 veniant,
506 1205 613 1269 oneris
637 1227 718 1290 quos
742 1205 868 1271 sarcina
890 1207 978 1272 vasti

105 1289 318 1375 Comprimit3
339 1292 393 1356 his
415 1292 539 1376 poterit
561 1294 666 1358 virtus
689 1315 762 1358 mea
785 1316 916 1359 munere
938 1296 1043 1379 patris

104 1379 270 1464 Antiquos
292 1380 378 1446 vires
402 1380 501 1446 hilari
523 1402 676 1465 reparare
701 1381 818 1466 quiete.

104 1465 231 1533 Sumite
253 1468 340 1534 forte
362 1468 490 1555 iugum,
513 1469 595 1535 levis
619 1474 671 1534 est
693 1491 766 1537 mea
788 1471 915 1537 sarcina
938 1472 1047 1556 iustis,

102 1555 255 1642 Namque
277 1557 395 1622 humili
418 1558 546 1624 dulcem
569 1558 710 1642 largitur
731 1560 827 1626 corde
850 1561 1018 1626 salutem.“
1068 1576 1120 1626 550

149 1645 240 1710 Η555
261 1646 319 1710 ubi
342 1645 429 1711 dicta
451 1646 553 1732 dedit,
576 1647 691 1712 messis
714 1650 884 1732 perculta
907 1654 1062 1735 gravame

104 1732 280 1818 Praeterit,
304 1738 337 1799 et
358 1735 499 1819 populus
523 1739 706 1801 sectantum
730 1737 964 1821 discipulorum
1031 1747 1033 1751 ’

104 1819 274 1907 Spicarum
299 1823 468 1908 gravidam
491 1825 648 1908 carpebat
670 1824 706 1889 in
729 1826 841 1891 ordine
863 1826 1003 1912 frugem.

103 1910 166 1976 Ille
190 1911 258 1976 dies
280 1913 385 1977 veteri
406 1913 563 1996 poscebat
586 1914 658 1998 lege
683 1914 838 2000 quietem,

105 1997 252 2065 Sabbata
273 2022 351 2066 nam
373 2000 490 2086 priscis
513 2002 706 2087 repetebant
729 2005 797 2068 otia
819 2003 925 2068 iussis.
1067 2019 1117 2070 505

104 2087 190 2153 Ecce
212 2088 383 2154 Pharisaei
406 2110 515 2155 coram
539 2091 774 2175 reprehendere
797 2089 977 2176 Christum,

105 2175 200 2253 Quod
223 2181 354 2243 sanctae
376 2178 460 2265 legis
483 2179 648 2244 calcarent
670 2181 760 2245 iussa
783 2183 942 2245 metentes

103 2266 272 2349 Discipuli:
308 2265 432 2353 Legum
456 2267 512 2332 aed
535 2271 613 2332 tunc
636 2270 817 2352 completor
838 2268 928 2333 Iesus

103 2354 225 2439 Incipit
247 2354 300 2419 bis
322 2355 441 2420 veteris
464 2356 580 2440 scripti
603 2361 814 2422 monumenta
835 2360 997 2421 retexens:

102 2442 269 2529 „Legistis
293 2447 396 2527 certe,
417 2444 453 2509 in
475 2445 600 2529 templo
624 2444 749 2510 Davida
772 2467 928 2510 canorum
1068 2460 1120 2511 550

105 2529 190 2595 Cum
212 2533 334 2616 populo
358 2533 521 2616 quondam
543 2555 645 2618 panes
669 2534 848 2618 sumpsisse
872 2537 1018 2599 sacratos

103 2619 151 2684 Et
173 2621 341 2705 propriam
364 2620 583 2707 comitumque
606 2622 727 2687 famem
751 2623 895 2707 sedasse;
918 2623 975 2687 sed
997 2623 1074 2687 illos

104 2707 271 2774 Inlicitum
293 2709 444 2795 cuiquam
467 2708 575 2776 fuerat
597 2710 786 2796 contingere
809 2733 920 2796 panes,

105 2795 240 2861 Sumere
263 2820 344 2882 quos
368 2799 458 2864 solus
480 2804 612 2884 poterat
635 2799 674 2864 de
698 2800 770 2885 lege
794 2800 954 2865 sacerdos.

104 2885 260 2950 Eiusdem
283 2887 440 2972 scriptum
464 2891 515 2952 est
536 2888 623 2953 iusto
646 2888 867 2953 moderamine
889 2889 988 2974 legis:
1067 2902 1120 2953 555

105 2971 252 3039 Sabbata
273 2974 449 3060 profanent
471 2977 594 3060 templo
618 2978 687 3042 aine
710 2976 844 3041 crimine
867 2980 968 3042 rates.
1086 2992 1088 2995 ·

103 3061 172 3128 Nec
195 3062 303 3128 minor
326 3064 473 3130 55115110
495 3070 623 3130 vestrae
647 3066 841 3152 glomeratio
864 3066 980 3130 turbae

172 3243 238 3306 port
257 3240 309 3293 550
327 3238 623 3295 inanimatorum
652 3238 748 3294 Oculis
766 3240 837 3295 haec
855 3240 997 3309 quondam
1015 3255 1120 3309 pravae

103 3306 281 3378 sapientibus
300 3325 364 3365 orsa
383 3310 450 3366 0¹1e
469 3311 556 3379 (Haec
575 3315 771 3384 oc.-parup)
795 3310 836 3363 V’
861 3310 967 3381 (Occul.
978 3313 1119 3411 -parue)

104 3379 171 3435 Mat
190 3379 367 3450 (Populus-
378 3383 476 3451 parbe)
495 3384 558 3449 eta,
587 3383 806 3437 decreticum.
825 3387 851 3437 et
869 3387 921 3437 550
939 3380 1023 3437 ΜὈ
1056 3383 1119 3451 (550

102 3452 247 3520 suppletus
265 3457 303 3507 cat
321 3454 353 3506 in
366 3469 452 3522 marg.
462 3469 523 3523 sup.
533 3453 572 3507 M
573 3451 615 3521 **)
629 3453 639 3523 i
654 3457 705 3509 555
725 3452 872 3509 dimovent
889 3458 953 3523 aute
970 3451 1123 3523 profanent

101 3538 172 3576 eras.
193 3522 228 3576 0¹
241 3523 252 3592 5
265 3526 317 3578 555
335 3522 385 3578 1511
404 3524 439 3578 0¹
