2600 3934
167 122 193 177 X
528 121 815 178 PROLEGOMIINA.

167 271 251 336 Item
283 291 399 335 manus
426 268 527 334 tertia
553 267 674 334 litteris
701 290 784 352 quae
813 269 962 335 dicuntur
989 273 1179 338 minusculis

168 357 429 446 anglosaxonicis
458 358 579 422 saeculi
606 357 735 422 circiter
762 358 840 422 noni
868 359 999 446 singula
1022 363 1181 447 quaedam

166 448 314 514 mutavit.
360 445 470 530 Atque
506 447 588 511 haec
619 466 736 510 manus
769 445 881 510 eadem
912 448 1013 514 fuisse
1045 451 1182 536 videtur,

167 558 249 622 quae
272 535 367 601 initio
391 534 510 600 codicis
534 536 643 619 capita
666 534 759 600 cruce
782 536 912 601 notavit
935 541 968 602 et
987 545 1181 625 argumenta

166 624 278 690 brevia
300 623 434 689 addidit.

234 712 416 779 Secundum
439 712 547 777 locum
568 712 791 797 praestantiae
815 713 934 779 codex
957 715 1084 781 Musei
1102 716 1181 782 Bri-

166 803 314 874 tannici
338 801 478 885 obtinet,
502 802 557 885 qui
581 800 667 865 inter
688 802 797 886 regios
821 824 955 869 numero
981 803 1023 870 15
1047 806 1077 870 A
1099 806 1180 872 XVI

165 895 298 957 notatus
318 893 425 956 exstat
441 888 500 974 (R)
519 892 552 954 et
571 911 654 954 saec.
671 889 754 955 VIII
772 892 806 954 in
826 890 862 957 8⁰
878 892 997 957 litteris
1016 895 1178 960 minuscu-

165 982 205 1047 lis
228 980 424 1045 nitidissime
453 977 594 1061 scriptus
619 982 670 1043 est
693 975 776 1062 (foll.
800 979 981 1064 caprinis
1005 980 1179 1049 Iuvencum

166 1064 375 1153 contineor)
418 1066 614 1150 Priusquam
636 1068 672 1132 in
694 1065 806 1132 Iacchi
829 1069 916 1154 regis
939 1071 1178 1155 possessionem

165 1159 268 1241 venit,
299 1158 385 1221 inter
412 1156 515 1220 libros
543 1153 601 1219 Sti.
630 1155 810 1241 Augustini
838 1154 1071 1224 Cantuarensis
1100 1165 1179 1245 erat,

166 1246 252 1332 quod
274 1244 331 1310 fol.
357 1245 390 1309 1²
413 1266 433 1308 a
455 1264 554 1307 manu
577 1242 706 1309 circiter
727 1265 808 1310 saec.
827 1243 905 1310 XIV
925 1248 1081 1332 scriptum
1100 1249 1179 1335 Iegi-

165 1356 245 1400 mus.
291 1332 341 1398 Aa
366 1353 480 1397 versus
509 1331 639 1415 quidem
662 1332 750 1397 inter
773 1353 807 1397 ss
831 1332 983 1400 disiuncti
1007 1340 1096 1421 sunt,
1122 1338 1178 1403 sed

164 1445 259 1488 voces
284 1443 379 1507 saepe
403 1421 508 1487 adhuc
531 1419 618 1485 inter
641 1441 676 1485 se
700 1420 875 1486 cohaerent
894 1444 989 1508 saepe
1007 1446 1072 1491 non
1092 1431 1178 1492 recte

165 1515 367 1596 separantur.
404 1508 604 1595 Compendia
623 1510 804 1594 scripturae
824 1510 953 1594 saepius
971 1512 1178 1580 inveniuntur

165 1623 262 1686 quam
280 1600 315 1664 in
330 1596 380 1684 01,
399 1599 456 1663 sed
474 1597 712 1684 orthographia
731 1599 813 1664 satis
832 1598 1007 1686 diligenter
1024 1603 1177 1669 librarius

163 1688 351 1774 perfunctus
380 1690 439 1752 est.
485 1685 568 1751 Tum
591 1686 677 1751 ratio
700 1689 958 1772 praepositiones
982 1712 1055 1756 cum
1078 1694 1178 1757 verbo

164 1776 377 1862 componendi
400 1775 512 1840 eadem
534 1773 603 1839 fere
624 1779 675 1839 est
694 1796 776 1860 quae
795 1777 830 1840 in
848 1775 898 1862 01,
921 1779 1033 1844 sedin
1051 1801 1179 1866 semper

163 1866 232 1932 fere
264 1868 411 1931 servatur
444 1868 518 1929 ante
541 1885 588 1948 m,
617 1867 694 1929 ante
720 1887 742 1949 p
772 1865 900 1948 saepius
928 1888 1025 1951 quam
1050 1868 1179 1934 adsimi-

164 1956 266 2039 latur3
288 1956 332 2020 cd
354 1956 429 2019 ante
451 1975 469 2017 r
492 1957 525 2017 et
546 1956 562 2015 t
585 1974 829 2037 nonnumquam
849 1958 1005 2037 servatur,
1028 1978 1084 2022 cca
1102 1963 1177 2023 ante

163 2067 197 2109 m
220 2048 254 2108 et
276 2065 294 2106 r
316 2063 383 2107 non
406 2063 534 2125 semper
557 2040 772 2106 adsimilatur.
813 2041 987 2110 Praeterea
1008 2047 1177 2111 nonnullis

163 2132 245 2198 Iocis
272 2131 450 2216 capitulum
478 2131 527 2195 ita
549 2128 723 2214 indicatur,
752 2134 789 2195 ut
810 2131 917 2217 prima
940 2133 1051 2198 lIttcra
1074 2135 1178 2199 maior

164 2222 208 2286 sit
231 2242 328 2305 quam
353 2219 460 2306 prima
482 2219 595 2283 littera
617 2239 770 2283 versuum
795 2223 984 2286 ceterorum.
1030 2221 1177 2308 Denique

164 2310 340 2375 auctoritas
368 2311 477 2372 textus
504 2307 567 2372 hoc
595 2306 704 2373 codice
732 2307 895 2373 adservati
921 2310 1020 2392 paulo
1049 2311 1177 2394 quidem

162 2397 297 2463 minoris
311 2396 409 2482 pretii
423 2400 473 2460 est
487 2417 584 2481 quam
599 2395 720 2461 codicis
731 2394 781 2480 01,
796 2419 868 2462 cum
883 2397 1005 2480 partim
1019 2399 1176 2465 lectiones

161 2487 308 2552 familiae
326 2485 445 2550 tertiae
463 2484 530 2549 iam
548 2485 714 2568 praebeat,
732 2485 854 2569 partim
872 2507 975 2551 novas
990 2488 1178 2573 susceperit,

163 2577 219 2641 sed
242 2576 323 2641 locis
346 2595 412 2639 non
435 2573 545 2659 paucis
569 2573 743 2638 lectionem
766 2574 940 2657 genuinam
963 2577 1104 2641 servavit
1125 2577 1175 2642 vel

163 2666 252 2731 solus
275 2664 328 2728 vel
352 2684 417 2727 una
440 2683 514 2726 cum
537 2659 587 2727 01.

230 2752 376 2818 Tertium
403 2751 511 2816 Iocum
539 2750 666 2815 obtinet
689 2749 808 2816 codex
830 2750 1075 2818 Monacensis
1099 2751 1176 2840 (M)

162 2845 220 2908 lat.
252 2842 340 2907 6402
368 2836 523 2925 (Frising.
551 2835 632 2925 202)
665 2840 700 2902 in
727 2835 763 2903 4⁰
795 2861 877 2905 saec.
905 2840 997 2908 VIII.
1041 2841 1113 2906 Iam
1142 2842 1176 2907 in

161 2930 291 2995 Aretini
322 2926 525 3015 ‚,Beytrtge“
551 2925 616 2991 VII
648 2949 679 3011 p.
710 2928 776 2993 243
793 2949 817 2993 s.
850 2928 1028 3015 descriptus
1061 2935 1112 2995 est
1144 2936 1177 2996 et

162 3020 291 3106 glossas
309 3017 488 3083 theotiseas
506 3037 592 3081 nunc
612 3018 853 3101 exscripserunt
873 3015 1000 3084 Sievers
1019 3024 1052 3084 et
1072 3017 1175 3084 Stein-

126 3138 130 3145 ·
161 3130 274 3192 meyer
300 3107 335 3170 in
357 3107 443 3171 libro
466 3105 547 3189 „Die
570 3104 882 3208 althcchdeutschen
906 3105 1072 3210 Glossen“.
1119 3107 1175 3210 Qe-

160 3194 369 3350 tinnit
384 3193 1175 3371 03unproppsqqpqnsoorrqquqciierfflg

160 3408 374 3421 —p—-u--u—-n

100 3538 104 3551 ,
232 3473 258 3543 ’1)
275 3475 386 3530 Vidosis
406 3474 440 3532 de
460 3491 493 3531 so
512 3473 768 3545 Zaugcrneistsrum
790 3474 809 3532 1.
829 3474 848 3533 l.
866 3494 894 3546 p.
914 3481 975 3532 513,
