2600 3934
503 148 538 205 v.
557 154 707 206 rsa-51⁷.
935 164 938 170 ·
1063 151 1108 217 45

92 294 236 359 Excelsa
259 294 294 358 in
316 294 454 378 populos
477 297 676 378 spargantur
699 294 838 359 eulmine
861 296 949 360 tecti.

91 382 261 468 Despicite
281 383 415 447 illorum
439 381 576 466 rabiem,
601 382 657 467 qui
680 404 816 466 corpora
839 387 949 448 vestra
1055 399 1108 449 405

90 470 311 537 Prosternunt
332 469 432 535 ferro:
455 492 522 535 non
545 475 594 535 est
616 471 670 535 his
693 472 762 536 ulla
783 476 930 556 potestas

91 558 252 625 Vivecem
275 559 343 624 leto
366 559 490 642 pariter
513 558 677 624 dimittere
700 564 852 624 mentem.

91 647 195 713 Illum
219 647 277 713 sed
298 649 409 732 potius
433 647 539 715 cordis
563 652 688 712 secreta
710 653 899 732 pavescant,

94 733 251 821 Corporis
274 740 325 800 est
348 735 512 820 animique
535 736 633 801 simul
657 735 709 801 cui
732 739 849 801 cuncta
871 740 1025 820 potestas.

91 823 286 890 Passeribus
307 825 451 909 pretium
472 824 598 889 nummi
620 824 676 889 vix
698 826 808 908 portio
830 847 933 909 parva
1052 841 1105 891 400

96 912 283 997 Proveniet3
305 935 371 979 non
395 916 579 977 esttamen
601 934 702 977 unum
725 913 855 978 credere
879 914 1014 1000 dignum

94 1001 227 1067 Iniussu
248 1000 383 1066 Domini
406 1002 539 1085 laqueos
562 1001 726 1066 incurrere
749 1007 888 1067 nostros.

95 1088 177 1166 Quis
201 1090 328 1155 dubitet
351 1089 495 1174 sapiens,
518 1088 653 1157 Domini
676 1090 737 1155 sub
760 1095 890 1174 pectore
913 1090 1025 1155 multis

97 1177 219 1244 (ledere
241 1178 394 1264 pennatis
417 1178 583 1242 hominem
606 1199 666 1262 pro
689 1178 822 1243 milibus
845 1180 968 1244 unum?

96 1265 163 1342 Qui
184 1289 235 1331 me
258 1265 425 1332 confessus
448 1265 548 1330 fuerit
571 1267 632 1331 snb
655 1265 760 1331 iudice
782 1272 902 1350 terrae,
1058 1283 1110 1332 405

93 1354 193 1421 Hunc
216 1376 277 1441 ego
300 1376 367 1420 non
390 1354 487 1420 aliter
509 1376 620 1420 coram
643 1355 791 1440 genitore
813 1355 956 1440 fatebor3

6 1480 7 1483 ¹
96 1441 153 1509 Sic
174 1443 287 1508 itidem
310 1464 419 1508 coram
442 1442 590 1529 genitore
611 1443 741 1529 negabo
763 1447 948 1545 negantem

94 1530 174 1597 Non
197 1551 257 1616 ego
279 1553 365 1597 nunc
387 1553 502 1617 pacem
524 1531 620 1596 terris
642 1531 807 1597 inmittere
830 1533 917 1615 veni,

97 1619 163 1686 sed
186 1620 344 1706 gladium,
366 1620 476 1703 patrio
501 1619 634 1684 dirimat
657 1621 713 1705 qui
735 1624 866 1705 pectore
889 1624 1005 1685 natum

94 1708 143 1773 Et
167 1708 373 1774 dulcemt
314 1711 373 1773 nat
374 1730 428 1773 em
450 1708 584 1773 dirimet
606 1709 663 1793 qui
685 1712 815 1790 pectore
838 1709 963 1774 matris.
1058 1724 1111 1774 500

96 1795 133 1863 Si
156 1797 228 1882 quis
252 1819 362 1861 amore
385 1818 458 1862 meo
482 1796 666 1881 genitorem
688 1797 792 1882 pluris
814 1797 964 1881 habebit,

96 1884 161 1950 Vel
185 1885 284 1951 matri
304 1885 454 1950 ¹suboliue
477 1907 585 1951 meum
607 1889 785 1970 postponet
808 1908 965 1970 amorem,

97 1972 225 2040 Sentiet
248 1973 441 2040 horribilem
462 1979 578 2040 nostra
600 1975 640 2039 de
664 1975 739 2040 sede
761 1974 934 2058 repulsam

97 2061 297 2128 contemnet
320 2063 514 2147 quicumque
538 2063 680 2128 animam
703 2085 764 2147 pro
787 2062 918 2127 nomine
940 2066 1064 2147 nostro,

95 2151 247 2217 Inveniet
269 2153 357 2216 laeta
379 2151 550 2217 florentem
572 2150 668 2236 fruge
691 2151 817 2217 salutis.
1061 2166 1112 2217 505

98 2240 163 2317 Qui
185 2263 244 2306 vos
268 2239 435 2325 suscipiet,
458 2262 510 2307 me
534 2241 715 2323 suscepisse
738 2239 889 2325 benignis

98 2328 286 2413 obsequiis,
308 2330 395 2393 idem
417 2350 469 2394 me
491 2350 552 2413 pro
575 2328 724 2414 genitore
747 2350 899 2413 supremo

99 2415 287 2501 Suscepisse
311 2416 373 2482 sibi
396 2416 552 2501 gaudebit
573 2420 709 2503 perpete
731 2415 829 2481 vita.“

143 2504 241 2570 Talia
264 2504 431 2590 diseipulis
455 2506 505 2570 bis
530 2526 681 2571 sexeum
705 2505 795 2571 iussa
817 2505 971 2584 dedisset,

96 2593 209 2658 Iustus
231 2592 392 2660 Iohannes
416 2593 504 2659 caeci
526 2594 567 2658 de
589 2594 727 2659 carceris
750 2594 877 2659 umbris
1063 2609 1114 2659 510

98 2680 290 2748 Sectantum
313 2704 330 2747 e
353 2704 487 2748 numero
511 2682 655 2747 delectos
679 2683 761 2748 talia
784 2682 872 2747 dicta

97 2768 152 2835 Ad
175 2769 342 2836 Christum
365 2774 496 2855 portare
519 2770 611 2835 iubet
633 2792 809 2854 verumque
832 2771 964 2836 referre:

96 2857 212 2943 „Tune
235 2859 299 2943 piis
322 2860 439 2923 animis
462 2859 602 2944 requies,
626 2880 724 2943 quam
746 2859 840 2944 regia
862 2859 944 2924 caeli

96 2946 252 3013 Pollicita
275 2951 325 3012 est
346 2948 458 3030 terris,
480 2951 594 3013 nostro
618 2947 679 3012 sub
702 2951 849 3030 tempore
871 2947 1024 3032 fulgens?

82 3034 153 3100 'An
177 3035 277 3101 aliam
300 3039 448 3122 superest
470 3040 546 3120 post
567 3036 647 3101 haec
671 3058 800 3122 sperare
824 3035 1009 3100 salutem?“
1063 3052 1115 3101 515

97 3122 236 3190 Talibus
258 3125 339 3191 haec
362 3123 513 3190 Christus
538 3124 633 3190 dictis
657 3124 812 3189 mandata
833 3125 990 3190 remittit:

97 3211 303 3296 „ancorum
327 3214 480 3278 tenebrae
504 3217 634 3278 mutant
635 3235 674 3278 ur
697 3212 819 3279 lumine
841 3213 923 3279 lucis
1042 3211 1049 3223 ‘'

170 3355 224 3408 480
242 3352 427 3408 Prosternent
444 3351 482 3405 M
487 3352 515 3407 R
541 3352 551 3421 ll
583 3357 635 3407 492
654 3351 773 3421 laqueos
790 3351 874 3406 facile
892 3351 1021 3406 decidere
1039 3350 1115 3406 laeto

95 3370 810 3493 ι101000000001000000(010109501000001Μά00
830 3438 881 3478 scr.
901 3424 934 3477 000
951 3422 992 3489 R,
1011 3421 1116 3477 Cedere

99 3490 170 3548 0¹12
188 3495 244 3550 cliv
262 3510 314 3553 scr.
334 3512 366 3550 00
383 3494 421 3548 Μ
431 3494 440 3563 l
454 3499 507 3548 505
526 3493 646 3549 salutem
664 3493 692 3547 R
705 3496 715 3564 u
729 3497 780 3548 515
800 3495 880 3548 Anne
898 3492 970 3548 ΒΜ
