2600 3934
185 148 228 212 10
616 145 727 200 LIBER
744 145 765 200 1.

183 292 386 378 Dispergunt
408 292 476 356 late
499 290 612 355 celeris
635 311 721 376 vaga
744 290 870 354 semina
891 289 1006 356 famae,

183 381 341 446 Mirantes
364 379 514 463 laudant,
536 379 698 443 laetantes
722 379 983 464 constipuenmt,

184 470 301 536 Omnia
323 468 491 547 nocturnis
515 467 649 532 monitis
673 467 759 552 quod
781 489 858 532 vera
880 472 1058 533 recurrant.
1148 483 1200 535 180

228 556 364 622 Viderat
388 560 534 622 octavam
557 556 662 621 lucem
685 578 774 641 puer,
798 577 871 621 ecce
893 556 993 621 recidi

187 646 239 710 Ad
262 667 384 710 morem
407 646 491 731 legis
514 665 696 728 nomenque
721 650 834 729 aptare
856 665 987 709 necesse
1010 649 1069 710 est.

184 733 444 819 Impositumque
467 733 516 798 illi
539 737 602 817 est,
626 732 759 798 monitis
782 732 977 798 caelestibus
1001 734 1080 798 olim

185 823 281 899 Quod
303 822 426 888 Mariae
449 845 512 888 vox
534 821 635 886 missa
657 820 728 886 Deo
751 823 928 907 praecepit,
951 821 1052 887 Iesus.

229 910 410 996 scripserat
433 911 586 995 antiquae
609 910 740 992 Moyses
763 910 984 975 moderamina
1006 910 1103 996 legis,
1146 927 1198 977 100

182 999 273 1065 Inter
296 1023 379 1086 quae
402 1000 525 1084 primos
548 1000 656 1084 prisco
680 999 719 1062 de
742 998 901 1083 sanguine
923 1002 1036 1064 vatum

184 1088 366 1154 Observare
389 1089 478 1154 dedit
499 1088 586 1152 fetus
609 1087 727 1152 offerre
750 1086 940 1169 sacrandos,

182 1177 425 1261 Implumesque
448 1177 545 1241 simul
568 1174 653 1240 ferre
677 1175 717 1240 ad
741 1175 875 1240 delubra
898 1175 1076 1241 columbas.

182 1265 273 1349 Haec
295 1265 353 1330 ubi
375 1287 433 1350 per
456 1264 593 1330 Mariam
616 1265 739 1348 templo
764 1268 894 1329 servata
916 1265 1074 1348 ferrmtur,

182 1353 267 1419 Ecce
292 1375 389 1419 senex
413 1353 545 1419 Simeon
567 1353 684 1438 dignus
709 1353 940 1437 comprendere
963 1375 1060 1418 sensu
1146 1370 1199 1419 100

183 1440 348 1508 Caelestes
371 1463 480 1525 voces,
503 1442 556 1507 cui
578 1441 741 1527 quondam
764 1441 910 1526 praescia
932 1464 1042 1506 rerum

182 1531 296 1596 Virtus
319 1530 519 1614 prodiderat,
543 1530 630 1614 quod
654 1550 782 1594 carcere
805 1531 951 1615 corporis
975 1531 1068 1616 aegri

182 1618 341 1704 Deposito
365 1623 504 1684 mortem
527 1619 610 1683 liber
632 1618 840 1704 requiemque
864 1619 1000 1704 rideret,

183 1707 264 1773 Cum
287 1708 428 1793 primunr
452 1707 534 1773 caeli
556 1705 682 1772 laudem
705 1711 875 1792 terraeque
898 1708 1053 1791 salutem,

183 1796 301 1862 Omnia
324 1818 420 1880 quem
442 1800 555 1862 vatum
578 1795 739 1880 spondent
762 1796 895 1861 oracula
917 1795 1099 1880 Christum,
1147 1813 1198 1864 100

183 1884 330 1950 Vidisset
353 1886 476 1970 templo
500 1884 673 1949 sollemnes
696 1885 781 1949 ferre
803 1885 985 1969 palumbae.

183 1973 282 2058 Isque
305 1974 362 2037 ubi
385 1976 519 2038 curvato
543 1973 689 2038 defessus
712 1994 847 2057 corpore
869 1975 1030 2057 templum

183 2061 255 2126 Iam
277 2062 410 2146 gravior
431 2065 594 2149 penetrat,
617 2061 745 2127 monuit
768 2062 853 2146 quod
877 2063 1011 2146 spiritus
1035 2067 1162 2147 auctor,

182 2151 267 2216 Ecce
291 2150 388 2215 simul
410 2169 549 2234 parvum
572 2149 698 2235 granno
722 2151 893 2235 genetricis
915 2150 1023 2216 Iesum

184 2239 235 2304 Ad
258 2239 418 2323 templum
442 2240 544 2303 sensit
566 2239 707 2322 venisse,
730 2239 946 2304 trementibus
968 2240 1056 2305 ulnis
1144 2257 1198 2307 200

181 2326 318 2411 Accepit
340 2347 478 2410 puerum
500 2327 672 2411 laetusque
695 2327 775 2391 haec
799 2326 885 2392 dicta
907 2328 1070 2412 profatur:

178 2414 311 2498 „Nunc,
333 2437 418 2480 nunc
441 2437 493 2479 me
515 2414 673 2480 famulum
691 2414 852 2480 Dominus
869 2438 956 2481 nunc
975 2417 1093 2482 liberat
1113 2418 1196 2483 atris

181 2501 335 2589 Corporis
359 2525 376 2568 e
400 2503 516 2569 vinclis
539 2504 702 2588 finemque
725 2504 880 2589 inponere
903 2506 1011 2569 verbis

182 2591 348 2677 Dignatur
370 2614 442 2656 oum
466 2614 546 2677 pace
569 2593 645 2657 suis.
690 2592 744 2656 En
767 2592 935 2675 splendida
956 2598 1088 2659 nostros

182 2679 253 2744 Lux
276 2680 386 2745 oculos
409 2685 467 2745 tua
489 2681 680 2746 circumstat
702 2680 866 2765 radiisque
889 2682 1030 2766 renidet,
1142 2697 1197 2750 206

182 2768 287 2846 Quam
310 2769 435 2835 cunctis
457 2769 627 2834 hominum
650 2769 719 2834 lust
705 2770 801 2834 tratis
825 2774 904 2856 gent
889 2770 978 2836 tibus
1002 2771 1092 2836 addit

180 2857 335 2922 Israhelit
321 2862 428 2923 tarum
453 2858 598 2924 cumulat
583 2863 638 2924 tae
662 2857 768 2944 gloria
790 2858 907 2943 plebis.

181 2944 264 3020 Quid
287 2950 418 3012 tantum
439 2947 619 3012 Mariaet
587 2951 783 3031 stupuerunt
806 2952 940 3102 pectora
962 2930 1098 3013 niatris‘?

182 3033 245 3100 Hie
267 3056 348 3120 puer
372 3036 414 3100 ad
436 3057 548 3101 casum
570 3036 685 3121 populi
708 3036 850 3120 datur,
840 3041 903 3102 rste
886 3037 1053 3102 erenasci

252 3213 304 3264 180
322 3186 470 3264 recurrimt
488 3211 526 3265 Μ
547 3212 558 3280 ΙΙ
586 3215 638 3265 185
657 3210 815 3266 Moises0¹
815 3210 951 3279 ,Moyses
977 3213 988 3281 11
1017 3216 1068 3267 180
1106 3209 1194 3265 rimus

181 3278 403 3350 0¹{natum0¹
424 3283 520 3363 ulto
528 3283 668 3336 solemnes
688 3281 964 3351 0¹1palumbaso¹
987 3285 1072 3364 l2⁰2
1087 3230 1197 3337 liberat

181 3351 254 3405 Μαο.
274 3349 311 3414 R,
329 3350 497 3406 liberett
446 3354 451 3418 t
466 3356 497 3406 at
498 3350 536 3405 ris
556 3351 694 3407 0¹MR**
713 3301 782 3420 (Rp
786 3352 881 3416 arctis)
900 3354 909 3421 ΙΙ
928 3359 981 3407 204
999 3352 1139 3423 Dignatur
1159 3353 1195 3409 0²

181 3392 415 3489 Mut,diguetur
427 3424 437 3490 ΙΙ
451 3428 503 3476 205
521 3422 633 3477 renidet
654 3423 784 3477 Μ*Μο0.
786 3422 882 3477 **10**
900 3423 979 3495 (00.0.
985 3424 1115 3491 Hoerner,
1122 3424 1195 3479 Wie-

180 3461 889 3560 ueritate.11112)‚renitet0¹R*M**Mat.-

1281 3536 1283 3599 l
