2600 3934
170 158 213 222 14
433 133 436 137 ’
590 161 715 257 arana
732 162 753 216 1.

212 304 343 370 Interea
365 305 485 371 veteris
509 306 622 390 scripti
645 327 703 392 per
726 306 837 371 debita
860 329 992 371 currens

169 392 286 459 Omnia
309 395 491 459 saeclorum
514 394 613 458 series
636 395 799 478 promissa
822 395 985 460 trahebat.

169 480 344 546 Zachariae
368 482 499 547 suboles
523 481 659 548 desertis
682 484 825 548 vallibus
849 506 961 549 omnes

168 569 220 635 Ad
245 570 449 655 deponendas
473 571 617 638 maculas
640 572 782 637 clamore
805 573 958 657 vocabat,
1128 591 1181 640 310
1294 574 1295 603 ¹

167 657 327 723 Fluminis
350 663 388 724 ut
411 659 526 744 liquidi
549 664 701 744 caperent
723 661 871 728 miranda
893 662 1038 745 lavacra,

169 746 249 822 Quis
273 748 400 813 animae
424 748 547 833 species
571 749 686 815 abluta
709 750 803 815 sorde
825 751 959 835 niteret3

167 835 285 900 Esaias
308 842 400 903 vates
424 838 541 903 cecinit
563 838 650 923 quod
672 838 805 903 numine
827 838 949 903 iussus:

167 923 260 1009 „Vox
282 926 349 991 late
371 930 503 992 resonat
527 927 664 992 desertis
687 927 845 1011 vallibus3
869 927 997 1013 amplas

166 1015 324 1081 Instruite
347 1019 482 1101 stratas,
506 1016 610 1080 omnis
634 1017 680 1080 sit
702 1020 792 1081 recta
814 1017 941 1081 viarum
1128 1032 1182 1081 315

169 1103 303 1189 Semita,
327 1126 410 1188 quae
431 1103 565 1170 Domini
590 1104 687 1190 digne
710 1105 851 1190 vestigia
873 1109 990 1191 gestet.

169 1190 346 1258 Subsident
369 1193 482 1275 colles,
505 1193 603 1261 vallis
627 1194 843 1277 complebitur
866 1194 985 1276 omnis3

168 1279 320 1367 Corriget
342 1282 507 1347 anfractus
530 1282 622 1347 iteris
644 1282 733 1349 bona
756 1283 843 1346 linea
865 1282 945 1347 recti

168 1368 405 1456 Corporeisque
429 1371 531 1436 oculis
555 1371 667 1435 lumen
689 1375 831 1437 tractare
854 1392 1003 1435 serenum

168 1457 327 1524 Omnibus
349 1459 500 1546 indulget
523 1458 662 1525 Genitor
684 1458 908 1544 Dominusque
932 1459 1075 1524 salutis.“
1126 1475 1182 1524 sao

212 1546 303 1633 Ergo
328 1548 463 1613 aderant
485 1549 600 1634 populi
622 1548 810 1633 passimque
832 1548 909 1614 hinc
930 1547 1004 1613 inde
1026 1552 1158 1613 ruentes

168 1633 386 1720 Complebant
406 1638 495 1723 ripas
519 1638 670 1723 avidique
692 1637 824 1703 lavacra
845 1637 1011 1721 petebant.

168 1723 272 1788 Texta
295 1725 494 1791 camelorum
516 1727 647 1791 fuerant
670 1727 833 1792 velamina
856 1725 949 1803 setis,

167 1811 214 1877 Et
236 1835 336 1878 zonae
359 1815 455 1899 pellis
479 1815 620 1895 medium
645 1815 772 1880 cinxere
795 1815 1003 1899 prophetam,

167 1902 214 1967 Et
236 1907 367 1968 tenuem
389 1904 511 1969 victum
534 1905 691 1988 praebent
715 1903 878 1967 silvestria
900 1903 1007 1967 mella.
1127 1919 1183 1968 325

167 1991 266 2076 Isque
287 1992 343 2056 ubi
367 1994 419 2057 tot
440 1995 579 2078 populos
603 1992 738 2058 diversis
762 1991 899 2056 sedibus·
917 1995 1007 2056 ortos

167 2080 300 2145 Inruere
319 2079 360 2145 ad
382 2081 516 2146 fluvium
540 2078 657 2165 cernit,
680 2082 727 2146 sic
749 2080 865 2165 incipit
888 2095 943 2144 ore

166 2168 343 2254 „Vipereae
367 2170 475 2255 gentis
499 2170 639 2255 suboles,
663 2169 735 2255 quis
759 2168 869 2234 debita
891 2168 986 2234 vobis

168 2257 333 2342 Supplicia
355 2262 574 2344 urgentesque
598 2260 665 2323 iras
689 2258 823 2323 evadere
846 2257 1032 2322 monstrat?

169 2344 232 2411 Sed
254 2346 366 2431 facite,
390 2368 409 2412 0
428 2348 551 2431 miseri,
573 2347 729 2430 fructum,
753 2347 781 2410 si
803 2346 962 2430 paenitet,
986 2350 1112 2430 aptum,
1127 2361 1181 2410 330

167 2433 237 2501 Νο0
260 2436 388 2521 generis
411 2437 513 2500 vostri
535 2436 634 2501 tollat
656 2436 774 2501 fiducia
797 2432 932 2499 mentes.

166 2523 252 2588 Nam
276 2524 373 2589 facile
397 2546 414 2588 e
438 2526 525 2589 saxis
549 2524 649 2589 etiam
672 2524 888 2610 pronomine
911 2523 1024 2608 plebes

168 2611 324 2678 Succedet
346 2615 468 2697 vestro,
493 2614 623 2679 suboles
647 2614 724 2698 quia
747 2613 887 2698 degener
909 2615 1007 2676 errat.

166 2702 321 2767 Proxima
342 2701 490 2767 roboreis
513 2703 645 2768 iamiam
668 2702 833 2767 radicibus
856 2702 960 2765 instat

239 2934 291 2984 309
316 2928 485 2986 zacchariae
510 2929 550 2985 01
571 2932 581 3002 ss
603 2935 656 2984 312
680 2930 768 2985 virtus
788 2928 954 2998 01071Μο,
982 2925 1089 2996 species
1102 2927 1113 2995 l
1126 2931 1178 2980 313

167 3000 333 3070 Esaias01,
356 3002 443 3056 Isaias
466 3004 476 3072 11
496 3008 561 3083 post
579 3007 632 3056 324
649 3003 769 3057 insertus
787 3007 826 3055 eat
842 3002 887 3057 bic
904 3016 928 3056 0.
947 2999 1037 3053 Edere
1055 2998 1181 3052 locustas

167 3071 267 3127 solitus
285 3072 424 3127 ruralibus
444 3073 765 3141 arv1s0¹RM***Mp
778 3070 845 3126 1⁷¹³
863 3077 921 3137 etc,
943 3069 1078 3124 Locustas
1096 3067 1180 3122 edere
1294 3100 1295 3143 3

167 3143 221 3198 etc.
242 3142 468 3211 03000010,
485 3146 557 3200 decet
574 3145 629 3199 Μ*
644 3145 718 3200 Mat.
731 3143 778 3209 θ’,
803 3159 878 3197 mua,
898 3144 920 3196 I
935 3142 968 3196 in
985 3156 1071 3210 maru.
1088 3139 1181 3208 suppl.
1294 3146 1295 3167 ³

173 3213 215 3267 V²
238 3215 345 3284 (cambit
366 3214 496 3285 Hedera).
540 3215 641 3271 Versus
664 3217 766 3271 dubius
785 3220 900 3284 propter
921 3214 1043 3269 rationes
1060 3215 1134 3266 aaa.
1154 3214 1181 3263 ct
1294 3258 1295 3261 ,

166 3285 405 3357 iucoaprucutium
440 3291 614 3355 structurue;
650 3289 743 3357 itaque
775 3290 845 3354 paeto
876 3285 1028 3339 queacam
1063 3283 1181 3337 bradua

163 3370 280 3422 prorsus
302 3357 423 3412 omisisse
449 3358 618 3427 eocupelium
644 3359 689 3412 bic
715 3357 921 3411 Ebionaeorum
947 3361 1081 3420 secutum,
1107 3351 1180 3422 quod

166 3439 340 3547 dimidiique
368 3429 530 3482 355-363
554 3429 674 3496 respersit
704 3431 714 3496 l
745 3431 797 3482 333
826 3425 982 3480 Succedunt
1009 3424 1051 3492 R,
1079 3422 1181 3477 Succe—
1294 3440 1295 3449 ¹
