2600 3934
541 143 574 197 v.
594 148 726 197 49-111.
1106 141 1125 204 ἵ

114 290 354 375 Zachariaeque
379 289 509 353 domum
531 291 682 374 penetrat
705 288 935 372 gravidamque
958 288 1083 353 salutet

114 378 303 463 Elisabeth,
326 378 455 443 clausae
477 399 551 442 cum
573 376 723 461 protinus
747 376 843 441 anxia
864 377 966 460 prolis

114 467 264 532 Membra
286 466 369 532 uteri
393 465 517 552 gremio
540 469 633 530 motu
656 465 778 530 maiore
801 465 971 531 resultant.

113 556 161 621 Et
185 556 284 621 simul
304 555 421 620 ‘exiluit
444 557 549 619 mater
572 575 730 619 concussa
752 559 906 637 tremore,

113 643 254 710 Divinae
276 645 365 710 vocis
389 644 550 728 completa
573 646 623 707 est
644 642 775 707 flamine
799 646 912 707 saneto
1091 659 1125 708 ss

114 733 162 797 Et
184 753 338 818 magnum
363 733 521 798 clamans:
544 730 658 815 „Felix
681 754 701 795 o
723 730 858 814 femina,
881 731 984 816 salve,

112 820 256 886 Felicem
279 825 412 906 gestans
436 821 522 885 uteri
545 820 725 884 sinuamine
746 818 860 884 fetum.

112 908 208 975 Unde
231 932 338 976 meam
360 912 454 974 tanto
477 909 582 974 voluit
604 908 694 973 Deus
718 930 839 993 aequus
861 908 986 974 honore

112 998 295 1064 Inlustrere
319 998 464 1081 domum,
486 1018 586 1081 quam
608 1000 715 1062 mater
736 997 879 1062 numinis
902 999 962 1062 alti

111 1085 266 1152 Viseret?
311 1088 396 1152 Fece
419 1109 490 1151 meo
515 1086 659 1172 gaudens
682 1087 717 1149 in
739 1086 861 1151 viscere
884 1086 993 1169 proles
1090 1102 1125 1151 90

114 1175 266 1261 Exultat,
289 1175 412 1241 Mariae
436 1175 639 1260 cumprime
661 1174 825 1240 adfamina
849 1174 959 1238 sensit.

112 1263 219 1347 Felix,
243 1264 299 1350 qui
321 1264 425 1330 credit
445 1264 544 1328 finem
567 1285 644 1328 mox
667 1263 777 1328 adfore
800 1263 921 1344 verbis,

113 1352 206 1427 Quae
227 1352 317 1418 Deus
341 1352 382 1418 ad
404 1351 546 1417 famulos
571 1372 727 1436 magnum
749 1350 914 1436 dignando
937 1348 1117 1434 loquetur.“

111 1440 178 1506 Illa
199 1441 334 1506 trahens
358 1440 502 1505 animum
524 1463 582 1524 per
605 1440 726 1526 gaudia
748 1441 852 1505 mixta
874 1438 995 1524 pudore

113 1527 316 1614 Suppressee
339 1528 428 1594 vocis
451 1529 631 1613 pavitantia
655 1529 741 1593 dieta
763 1528 907 1593 volutat:
1092 1542 1126 1592 95

112 1617 329 1704 „Magnificus
352 1617 466 1682 laudes
490 1618 617 1682 enimus
642 1623 816 1703 gratesque
840 1617 983 1681 celebrat

112 1705 260 1771 Inmensi
282 1707 423 1771 Domino
447 1706 567 1771 mundi
611 1705 678 1770 Vix
700 1705 819 1791 gaudia
841 1707 936 1769 tanta

114 1793 256 1878 Spiritus
279 1796 342 1860 iste
366 1795 467 1879 capit,
490 1794 577 1878 quod
599 1815 652 1858 me
676 1794 830 1880 dignatus
852 1793 889 1857 in
911 1794 1014 1858 altum

113 1882 224 1969 Erigit
247 1906 286 1948 ex
308 1883 426 1948 humili
449 1883 584 1964 celsam,
607 1884 794 1967 cunctisque
818 1883 949 1948 beatam

111 1971 273 2037 Gentibus
297 1976 330 2036 et
354 1973 468 2037 saeclis
491 1972 596 2037 voluit
618 1971 707 2036 Deus
731 1992 852 2055 aequus
874 1970 999 2039 haberi
1075 1988 1126 2037 100

111 2058 254 2125 Sustulit
277 2082 348 2126 ecce
371 2060 527 2125 thronum
549 2060 656 2125 saevis
679 2059 842 2145 fregitque
866 2061 1036 2144 superbos,

110 2148 288 2235 Largifluis
310 2149 450 2214 humiles
474 2148 590 2232 opibus
614 2148 732 2212 ditavit
756 2148 916 2233 egentes.“

111 2237 203 2303 Tunc
226 2238 295 2303 illic
318 2238 438 2303 mansit
461 2239 566 2302 trinos
590 2259 629 2302 ex
653 2236 765 2302 urdine
787 2258 930 2320 menses,

111 2326 165 2390 Ad
187 2327 419 2411 propriamque
441 2327 574 2391 domum
596 2325 731 2410 repedat
754 2325 821 2390 iarn
844 2329 934 2390 certa
956 2324 1068 2391 futuri.

158 2413 294 2499 Iamque
305 2415 417 2481 aderat
426 2418 645 2499 tempus,quo
655 2415 780 2479 iussum
788 2413 923 2479 fundere
933 2419 1065 2500 partum
1076 2430 1127 2480 105
1169 2430 1170 2435 ’

111 2502 287 2568 Elisabeth
310 2503 467 2569 volvenda
491 2503 558 2567 dies
581 2505 616 2566 in
638 2503 771 2568 luminis
794 2524 869 2568 oras

111 2590 262 2677 (legeret.
308 2592 361 2657 Ad
384 2595 498 2675 partus
521 2590 644 2655 famam
668 2591 804 2657 collecta
827 2592 968 2657 cucurrit

110 2679 221 2744 Turba
244 2681 511 2766 propinquorum,
534 2684 604 2744 turn
628 2680 748 2763 gaudia
771 2681 854 2744 mira
876 2678 1060 2764 frequentes

111 2767 350 2834 Concelebrant
373 2791 556 2853 nomenque
579 2769 693 2833 iubent
716 2768 1026 2852 genitorishabere.

110 2855 238 2922 Abnuit
260 2858 322 2923 hoc
345 2858 493 2944 genetrix
517 2857 572 2922 sed
594 2857 756 2922 Iohannes
780 2857 940 2922 vocitetur
1075 2873 1127 2923 110

114 2943 310 3031 ingeminat.
355 2946 483 3012 Placuit
505 2946 589 3011 muti
611 2951 690 3011 tunc
712 2946 802 3010 iussa
825 2945 970 3029 parentis

182 3072 216 3122 81
237 3066 559 3138 Zeuchariaeq3011182
579 3084 642 3122 cum
663 3066 705 3138 01,
725 3066 770 3122 cui
783 3068 793 3136 l
806 3072 841 3122 85
860 3066 993 3137 conpleta
1016 3069 1059 3122 est
1077 3068 1127 3122 flu-

109 3136 186 3191 mine
205 3137 253 3206 0¹,
286 3139 427 3207 completa
444 3136 601 3212 afflllemine
626 3138 678 3207 V',
711 3137 852 3208 completa
870 3141 914 3193 est
931 3139 1036 3193 lamine
1057 3140 1095 3192 M
1099 3138 1128 3194 R

109 3209 154 3331 {sin
174 3208 213 3262 M
234 3208 266 3262 af
286 3214 350 3311 aare
371 3209 476 3293 famine
495 3211 624 3312 abrasum
642 3212 692 3278 est)
715 3211 725 3279 ΙΙ
748 3216 781 3264 92
801 3210 851 3292 qni
869 3209 949 3276 0¹12,
972 3212 1073 3292 quael!
1092 3216 1128 3311 sl}

109 3279 329 3422 ussus„
344 3279 1127 3420 isaurusustulatus.

110 3393 179 3547 gili}
195 3423 397 3548 iiiiiiisiiiss
417 3438 499 3476 auras
518 3391 595 3478 codri.
610 3423 620 3491 ΙΙ
636 3427 687 3475 110
701 3393 750 3477 ¹sed
757 3395 837 3490 F¹R‚
857 3426 886 3477 et
896 3422 950 3474 M*
963 3424 973 3491 ΙΙ
988 3426 1038 3475 111
1053 3420 1127 3476 muti

179 3531 188 3560 7
