2600 3934
450 937 860 1015 PROLEGOMENA.
895 977 898 985 ‚

212 1234 293 1299 Post
310 1233 522 1300 novissimam
535 1233 722 1319 „Historiae
741 1237 969 1322 evangelicae‘
987 1237 1162 1303 editionem

143 1324 292 1389 criticam
311 1345 331 1388 a
349 1321 384 1387 F.
403 1321 545 1388 Arevalo
566 1346 594 1390 a.
615 1325 701 1390 1792
719 1322 909 1411 paratam*)
927 1326 967 1392 A.
981 1326 1019 1391 R.
1038 1325 1162 1391 Gebser

144 1434 172 1477 a.
198 1412 283 1478 1827
308 1411 472 1496 specimen
494 1413 728 1498 prolegomena
751 1419 784 1479 et
806 1414 927 1479 librum
951 1414 968 1478 I
991 1415 1161 1480 continens

142 1500 248 1585 primo
268 1504 302 1565 et
315 1501 410 1566 unico
425 1500 589 1566 volumine
603 1502 822 1568 bibliothecae
835 1501 974 1568 Latinae
988 1509 1160 1589 poetarum

141 1593 289 1654 veterum
313 1587 573 1655 Christianorum
600 1591 712 1658 edidit.
756 1590 804 1656 At
830 1591 964 1678 nullius·
981 1591 1079 1678 pretii
1101 1596 1161 1678 est,

142 1700 216 1743 cum
240 1680 352 1744 auctor
373 1700 441 1743 non
463 1678 560 1744 modo
584 1679 688 1744 libros
711 1681 952 1766 manuscriptos
975 1680 1086 1746 nullos
1111 1680 1160 1746 in-

1 1788 2 1795 *
48 1806 56 1817 -
142 1766 299 1852 sperarit,
327 1765 384 1831 sed
407 1787 449 1830 ne
466 1767 650 1833 ‘editionem
674 1769 805 1852 quidem
828 1767 974 1854 Arevali,
1003 1791 1101 1853 quam
1126 1791 1160 1835 se

6 3534 7 3537 ’
135 3523 202 3576 tom.

141 1856 255 1920 multis
282 1855 363 1921 locis
392 1855 575 1939 quaesitam
597 1879 664 1922 non
688 1859 849 1943 accepisse
871 1882 903 1944 p.
926 1858 957 1923 9.
981 1858 1161 1943 confirmat,

140 1944 175 2009 in
198 1943 348 2009 manibus
371 1944 532 2009 habuerit.
578 1942 694 2030 Neque
716 1968 793 2011 vero
816 1946 875 2012 illa
899 1946 1000 2012 editio
1023 1945 1160 2012 Arevali

141 2034 290 2119 quamvis
306 2055 325 2098 a
339 2034 410 2098 viro
426 2032 645 2099 eruditissimo
656 2033 828 2120 diligenter
837 2038 1027 2120 perpetrata
1036 2035 1159 2101 nostris

140 2122 343 2207 temporibus
366 2121 432 2187 iam
456 2121 586 2187 sufficit.
622 2120 709 2187 Nam
728 2122 892 2188 codicibus
912 2123 968 2188 ille
987 2122 1158 2188 Vaticanis

139 2210 277 2276 nimium
305 2211 446 2276 confisus
474 2211 654 2296 scripturas
682 2211 824 2276 aliorum
848 2211 995 2277 codicum
1019 2211 1158 2297 singulis

141 2299 271 2385 quidem
303 2299 385 2365 locis
416 2298 545 2365 notavit
576 2299 632 2364 sed
661 2298 730 2364 sine
758 2304 847 2365 certa
873 2301 1000 2365 ratione
1028 2300 1158 2386 delegit.

141 2388 274 2455 Codices
299 2391 408 2453 autem
426 2386 580 2453 Vaticani
603 2409 664 2453 nec
686 2392 799 2453 tantae
818 2389 991 2454 vetustatis
1010 2411 1070 2454 nec
1088 2394 1158 2453 tam

53 2500 56 2509 ¹
139 2480 344 2561 praestantes
364 2480 441 2542 sunt
461 2499 559 2561 quam
578 2477 741 2542 Arevalus
760 2499 816 2543 eos
836 2499 906 2542 esse
924 2481 1062 2563 putavit,
1080 2477 1158 2542 licet

140 2588 160 2630 a
185 2566 362 2652 codicibus,
390 2587 472 2650 quos
500 2566 569 2651 ipse
598 2587 666 2631 non
689 2566 858 2652 cognovit,
884 2565 966 2631 haut
988 2566 1036 2631 ita
1058 2567 1157 2653 longe

138 2655 257 2719 absint.
334 2679 337 2682 ⁴

206 2743 321 2828 Itaque
354 2741 395 2807 ad
426 2764 537 2808 verum
565 2746 692 2808 textum
720 2743 873 2808 carminis
902 2743 1077 2808 identidem
1105 2741 1156 2807 de

139 2831 253 2918 scripti
286 2835 319 2896 et
352 2831 471 2919 glossis
503 2831 612 2897 vexati
640 2831 816 2896 eruendum
844 2831 985 2917 codices,
1017 2852 1155 2915 quorum

137 2940 275 3004 magnus
303 2942 456 2986 numerus
485 2921 520 2985 in
547 2920 754 2985 bibliothecis
782 2919 988 3003 Britanniae,
1017 2918 1155 3005 Galliae,

138 3007 344 3092 Germaniae,
384 3007 570 3093 Helvetiae,
610 3008 803 3094 Hispaniae,
844 3007 962 3073 Italiae
999 3012 1155 3094 servatur,

138 3103 296 3181 quantum
326 3097 398 3163 fieri
428 3101 572 3183 poterat,
604 3098 754 3182 inprimis
788 3096 1010 3181 antiquissimi
1037 3098 1154 3162 exami-

136 3186 236 3252 nandi
267 3189 369 3252 erant.
415 3184 464 3251 Ae
491 3189 622 3271 praeter
649 3186 859 3251 collationem
888 3186 1034 3252 codicum
1061 3183 1154 3250 Vati·

137 3296 292 3341 canorum
321 3275 362 3340 ab
387 3273 529 3340 Arevalo
558 3274 747 3340 institutam
773 3297 840 3340 non
863 3274 1049 3340 absolutam
1072 3272 1153 3339 haec

206 3447 462 3590 eplpqelpetigqsest
483 3449 555 3504 hace
578 3448 667 3505 editio
688 3449 720 3504 in
742 3447 844 3520 Mignii
867 3446 1032 3518 Patrologia
1054 3445 1152 3515 letina,

533 3820 851 3924 uessozzr
