2600 3934
169 163 214 228 84
348 182 354 192 ·
551 169 559 186 ⁰
587 159 698 216 LIBER
715 159 763 216 IV.

170 306 332 373 Adveniet
354 307 422 371 iam
444 309 523 372 tunc
544 306 652 371 tristis
675 304 806 371 defletio
828 304 940 388 terris,

170 394 260 471 Quae
282 394 452 460 Danihelis
474 394 576 460 habet
597 395 720 459 iussam
742 394 913 459 verissima
936 415 1064 479 vocem3

167 484 260 550 Haec
282 484 401 570 dignus
424 487 555 550 tantum
577 483 701 567 poterit
723 503 919 568 cognoscere
942 483 1070 549 lector..

167 572 281 637 Iudaei
302 573 402 659 longe
423 571 553 658 fugient
575 575 768 655 montesque
790 574 976 655 capessent,

168 661 238 727 Nec
261 661 434 746 quisquam
457 660 607 727 domibus
630 663 760 744 repetat
783 660 955 724 sustollere
979 681 1103 745 secum,
1131 674 1187 725 120
1221 693 1227 702 ·

151 749 260 839 ,Quae
281 749 363 836 fuga
384 749 549 829 consociet
571 753 737 815 vestemve
760 751 818 813 aut
842 748 963 813 mobile
987 749 1170 835 quicquam.

168 838 344 904 Deflendus
360 838 434 903 'iam
457 841 533 903 sunt
556 837 642 902 uteri
665 859 739 903 cum
760 837 904 921 pondere
927 840 1050 903 matres
1118 849 1123 857 ’

168 926 214 992 Et
237 928 374 992 miseros
397 926 483 992 fetus
507 926 595 991 dulei
617 948 700 1010 quae
723 925 809 991 lacte
831 925 997 1011 rigabunt
1058 959 1061 968 ·

167 1015 299 1081 Poscite
321 1016 389 1081 iam
410 1015 575 1100 precibus,
597 1014 689 1079 tristi
709 1036 752 1079 ne
773 1014 897 1099 frigore
920 1014 1055 1080 brumae
1113 1045 1118 1051 ·

168 1103 334 1170 Adveniat
356 1104 435 1189 fuga
456 1107 566 1172 vestra
588 1107 713 1187 temen,
735 1124 800 1167 neu
823 1102 962 1168 sabbata
983 1103 1069 1169 festa
1135 1119 1187 1169 130

168 1194 298 1277 Anceps
321 1192 496 1279 praecipiti
519 1192 631 1257 turbet
652 1191 829 1276 trepidatio
851 1214 961 1276 cursu3

169 1279 257 1347 Nam
280 1281 406 1347 cunctis
429 1281 561 1347 venient
584 1281 775 1346 saevissima
796 1280 941 1364 pondera
963 1279 1070 1346 terris.

170 1370 250 1435 Tale
274 1370 398 1435 malum
419 1392 487 1436 non
509 1369 617 1435 saecla
638 1370 730 1454 prius
752 1389 813 1434 nec
834 1373 968 1454 postera
989 1373 1121 1435 norunt

168 1458 216 1523 Et
235 1459 271 1523 ni
294 1459 446 1524 sublimis
469 1459 600 1544 genitor
622 1459 793 1541 decerpere
815 1460 945 1541 tempus

168 1547 215 1612 nt
237 1568 409 1612 numerum
432 1547 592 1613 miserans
614 1547 716 1612 vellet
736 1546 885 1611 breviare
907 1546 1046 1629 dierum,
1135 1562 1187 1612 135

168 1635 272 1700 Nulla
296 1636 413 1701 dehinc
435 1634 583 1720 trepidae
606 1638 797 1721 superarent
818 1656 956 1720 corpora
978 1634 1075 1700 vitae.
1228 1636 1234 1643 ’

169 1722 234 1788 Sed
255 1728 391 1810 propter
413 1725 515 1790 lectos
538 1725 648 1789 veniet
671 1724 838 1796 miseratio
861 1723 976 1789 iustos.

168 1813 311 1878 Nomine
333 1812 486 1877 fallentes
510 1811 634 1878 Christi
656 1811 796 1896 falsique
819 1812 999 1896 prophetae

170 1901 360 1985 Exsurgent
383 1902 479 1966 terris
504 1904 537 1965 et
560 1904 709 1979 monstra
731 1901 879 1985 potentia
900 1901 1048 1986 fingent„

151 1990 260 2065 'Quae
282 1990 396 2056 forsan
418 1989 521 2056 lectos
545 1990 675 2073 capient
697 1990 856 2055 miracula
878 1989 993 2055 iustos.
1137 2006 1188 2056 140

173 2078 226 2143 En
249 2079 416 2164 praedicta
440 2080 553 2162 patent
576 2077 736 2143 instantia
758 2078 887 2143 saecula
909 2078 1012 2143 vobis.

171 2167 320 2232 Desertis
345 2168 373 2232 si
396 2168 468 2253 quis
492 2165 661 2232 Christum
684 2187 858 2251 peragrare
881 2167 1033 2251 loquetur

175 2255 360 2321 Occultisve
383 2256 497 2342 procul
520 2255 744 2340 penetralibus
767 2276 839 2320 esse
861 2260 1043 2339 repostum,

171 2344 285 2430 Longe
308 2344 484 2410 credulitas
508 2345 595 2409 absit
617 2343 795 2409 vanissima
817 2343 919 2409 vobis.

173 2431 266 2498 Siout
289 2433 376 2498 enirn
398 2431 511 2518 fulgur
533 2434 661 2498 eaelum
684 2432 879 2498 transcurrit
902 2436 1052 2517 apertum
1134 2448 1188 2498 145

171 2520 218 2586 Et
241 2521 329 2586 cerni
350 2520 449 2586 facile
472 2524 523 2585 est
545 2522 671 2586 cunctis
695 2522 829 2585 orientis
853 2521 895 2585 ab
918 2521 984 2586 oris

170 2608 283 2694 Usque
307 2610 367 2675 sub
391 2609 560 2675 occiduum
582 2609 666 2675 caeli
688 2610 854 2695 vergentis
877 2609 912 2674 in
934 2609 1061 2695 orbem,

173 2697 226 2764 Sic
249 2698 365 2785 rapido
389 2698 529 2765 adventu
552 2699 724 2764 clarebunt
746 2699 871 2763 lumina
894 2697 1025 2763 Christi

170 2787 360 2854 Abscondet
382 2787 485 2853 furvis
507 2788 626 2853 rutilos
649 2788 775 2853 umbris
798 2787 909 2852 radios
932 2787 994 2871 sol,

169 2875 315 2942 Amittet
338 2898 468 2942 cursum
490 2877 613 2942 lunaris
638 2877 746 2962 gratie
768 2876 850 2964 lucis
1136 2892 1190 2943 150
1219 2879 1223 2885 ’

246 3090 296 3139 121
320 3086 460 3152 deffectio
489 3086 538 3154 M,
568 3074 701 3152 heronio
725 3083 770 3152 1⁷¹,
805 3085 935 3140 deflectio
965 3085 1118 3158 Mathq
1126 3085 1192 3141 Bar

178 3155 247 3224 ch,
266 3156 379 3212 defletio
396 3156 469 3224 Gud,
489 3158 607 3213 deflexio
621 3157 657 3210 H
660 3158 682 3222 l,
701 3155 837 3212 difflectio
856 3156 907 3227 Bt
922 3162 972 3211 122
992 3156 1119 3212 Danielis
1137 3159 1191 3211 ha-

171 3228 242 3282 bent
259 3223 367 3282 117111
376 3226 447 3296 Bar,
474 3228 579 3283 iussam
599 3226 744 3295 0¹‘³Ged;
766 3229 881 3283 emmaus
898 3234 959 3283 erat
975 3228 1021 3283 tic
1038 3243 1133 3282 ocrem
1151 3227 1194 3282 M

176 3298 254 3364 V'B,
285 3298 332 3352 red
349 3299 490 3366 suppletus
507 3305 546 3354 cat
564 3315 651 3355 mana
660 3300 825 3368 poncium
856 3303 1191 3355 0012221231νοηο

173 3369 273 3423 matata'
289 3372 356 3423 aaut
372 3366 488 3422 RAdd¹
510 3370 520 3436 ΙΙ
544 3373 596 3424 124
614 3369 711 3424 Iudaei
730 3368 979 3436 0111011110,
1005 3370 1110 3423 Iudaea
1125 3371 1130 3438 Ι
1146 3370 1193 3423 fu-

174 3438 297 3505 gient—
308 3437 450 3506 cepissent
468 3436 529 3491 0¹⁴
547 3442 667 3508 (capere.
687 3440 827 3508 0³)l134
845 3441 993 3495 decernere
1012 3440 1192 3511 M'Squdlt

176 3512 228 3560 148
246 3523 363 3562 munera
380 3507 418 3561 Μ
432 3508 498 3576 (div.
516 3523 568 3565 scr.
587 3510 706 3577 lumina)
1295 3532 1296 3537 ¹
