2600 3934
26 2 28 13 ι

536 174 569 232 V.
590 180 740 232 ecl—718.
1104 177 1144 241 Π

25 277 27 366 ¹
127 320 240 387 Plebis
263 318 441 386 Iohannem
463 319 629 386 veneratio
654 321 864 407 suscipiebat,
1092 338 1144 388 666

128 408 198 476 Ν66
220 412 376 494 poterant
398 409 467 475 eins
490 408 640 475 fallacem
664 409 770 475 dicere
793 410 903 475 vitam.

128 499 272 564 Rursum
296 497 470 563 sublimem
492 498 650 564 dixissent
673 521 743 563 6666
766 499 975 583 prophetam,

129 586 294 653 Occidisse
316 585 411 651 illum
433 586 579 652 traheret
601 585 763 652 confessio
786 588 926 672 culpam.

129 674 171 740 Se
193 676 318 741 nescire
341 680 453 740 tamen
475 674 644 761 respondit
629 674 766 741 6166616
788 675 900 741 fallax.

130 764 215 829 Turn
230 762 396 832 Christus:
420 763 587 845 ,,6Ν66
536 767 587 828 est
604 763 762 829 iniustum
780 764 930 830 claudere
948 786 1070 847 vocem,
1089 781 1142 831 666

129 851 214 919 Cum
237 852 318 917 mihi
342 814 535 918 claudantur
558 874 729 1007 procerum
751 873 910 955 responsa
920 816 1101 955 superbi!¹

173 938 285 1026 ,,Ν66ι
309 941 459 1027 geminae
480 942 583 1025 prolis
607 941 738 1025 genitor
760 941 894 1007 maioris
916 942 951 1006 16
974 964 1068 1007 66666

131 991 227 1102 Talia
251 1030 338 1096 dicta
361 1029 465 1096 dedit:
488 1028 577 1095 Vitis
600 1030 682 1095 mihi
704 1030 813 1115 portio
836 1031 941 1095 maior

130 1115 334 1203 Semiputata
356 1119 449 1185 iacet.
486 1117 551 1184 Sed
572 1141 673 1205 perge
697 1122 730 1183 66
753 1119 870 1185 666666
893 1119 973 1188 forti

129 1205 226 1273 Nunc
245 1207 414 1272 scrobibus
432 1229 518 1273 6666
537 1206 620 1272 falce
639 1229 789 1292 premens
803 1207 912 1272 vineta
925 1207 1070 1273 retunde.
1094 1223 1145 1272 666

131 1295 215 1360 Tum
239 1296 365 1361 1666616
389 1317 460 1361 6666
482 1300 552 1361 tam
576 1296 708 1362 sordida
729 1295 984 1362 6166161666616

129 1382 230 1451 Nolle
253 1385 325 1470 6661
348 1388 517 1451 memorat.
553 1383 635 1451 Post
659 1386 769 1450 omuia
790 1385 880 1450 iussa
901 1384 1046 1470 parentis

33 1536 41 1550 ,
129 1472 331 1558 Exsequitur
354 1473 573 1558 damnansque
597 1473 661 1539 sibi
684 1495 840 1558 respousa
863 1477 1000 1539 6666666.

129 1561 212 1627 Post
236 1562 336 1627 alium
357 1566 473 1628 natum
496 1562 597 1628 simili
621 1584 769 1628 sermone
791 1562 926 1628 iubebat

130 1650 183 1715 Ad
207 1650 319 1716 vineta
343 1651 393 1716 sui
416 1651 596 1737 dependere
620 1651 710 1716 iussa
732 1651 866 1717 laboris.
1094 1665 1146 1716 666
1191 1731 1198 1743 ⁶

130 1739 259 1805 Annuit
280 1740 332 1804 his
354 1739 480 1805 1666616
502 1762 562 1804 666
585 1740 680 1805 dictis
703 1739 791 1806 facta
813 1743 973 1825 repensat.

129 1825 252 1912 Dicite,
205 1828 349 1914 tquis
373 1829 483 1912 petius
507 1829 599 1913 genit
584 1828 666 1894 toris
689 1829 779 1894 iussa
802 1827 1002 1912 sequatur?“

132 1915 199 1982 Olli
222 1916 421 1983 conlaudant
406 1920 636 2001 tresponsum
659 1917 858 2002 posterioris.

131 2004 347 2090 Prosequitur
369 2005 533 2071 Christus:
556 2004 677 2089 „Nunc
698 2028 777 2071 vera
799 2005 960 2071 advertite
983 2004 1116 2087 dicta.

130 2092 203 2159 Iam
226 2095 332 2181 magis
355 2094 431 2160 hinc
454 2095 536 2160 caeli
561 2095 670 2160 sedem
689 2089 919 2180 comprende‘re
937 2098 1076 2178 possunt
1096 2110 1147 2161 666

132 2181 288 2267 Corporis
312 2183 442 2249 exitiis
466 2187 658 2285 quaerentes
682 2183 813 2249 sordida
835 2184 938 2266 lucra,

133 2272 239 2347 Quam
263 2276 406 2338 vestrum
430 2272 610 2357 quisquam.
647 2270 751 2338 Vobis
774 2294 852 2336 nam
874 2275 1009 2337 6666666
1032 2275 1108 2336 ante

132 2360 243 2425 Iustus
266 2361 442 2440 Iohannes,
466 2362 522 2426 sed
545 2383 612 2427 non
635 2366 686 2426 666
708 2361 837 2427 eredere
860 2366 1015 2426 vestrum.

133 2448 284 2534 Namque
306 2450 404 2515 fidem
426 2451 536 2535 potius
561 2449 767 2516 meretricum
789 2453 924 2533 pectora
946 2453 1070 2515 certam

134 2537 324 2604 Hauserunt
347 2539 522 2624 sordesque
546 2539 646 2604 animi
669 2552 807 2623 posuere
829 2538 1005 2622 pudendas.
1096 2554 1147 2603 666

133 2627 181 2693 At
202 2649 261 2692 666
285 2632 453 2694 tantorum
477 2630 634 2693 scelerum
657 2628 706 2692 nil
729 2627 877 2712 paenitet
899 2626 1082 2711 umquam.“

177 2714 256 2799 „Sic
280 2715 412 2801 quidam
435 2716 538 2799 dives,
561 2718 613 2782 cui
635 2716 751 2802 iugera
774 2717 878 2781 multa
901 2715 1035 2781 nitentis

133 2803 246 2870 Vineti
271 2827 385 2889 saepes
408 2806 531 2870 circum
554 2805 690 2871 densata
712 2808 851 2889 coercet,

133 2892 174 2957 In
197 2894 304 2959 medio
327 2899 450 2959 turrem
473 2895 664 2980 pratumque
688 2898 722 2960 et
745 2893 833 2959 dolia
855 2893 934 2957 fecit

136 2980 351 3067 Oultoresque
376 2983 464 3048 dedit
486 2982 678 3066 fructusque
700 2982 821 3048 locavit
843 2981 1025 3066 habendos,
1098 2997 1149 3047 616

134 3069 317 3155 Inpositam
341 3075 488 3140 statuens
512 3071 669 3137 mercedis
693 3072 819 3137 solvere
842 3071 957 3157 legem

136 3158 220 3224 Tum
242 3159 423 3246 longinqua
445 3160 543 3246 petit,
567 3161 622 3226 sed
646 3161 770 3226 fructus
793 3164 939 3245 tempore
963 3163 1051 3226 66666

136 3246 276 3313 Antores
299 3249 442 3315 famulos
465 3250 584 3333 mittit,
607 3250 680 3334 quis
702 3249 812 3334 portio
835 3250 927 3315 salva

205 3463 257 3515 686
278 3461 450 3531 suspiciebat
467 3461 575 3532 16*Μ11
589 3467 640 3517 687
661 3478 686 3515 si
677 3460 836 3524 'dixissent
850 3459 884 3515 0¹
889 3460 952 3529 M*,
971 3458 1106 3514 dixissent
1123 3459 1147 3512 si

138 3528 198 3585 13²⁸*
203 3531 258 3601 Mp
272 3533 282 3601 l
297 3538 349 3588 706
368 3533 474 3589 certum
494 3537 537 3587 666
556 3534 605 3599 Μ,
623 3533 745 3601 possunt
763 3530 830 3586 6116
