2600 3934
144 144 197 201 XII
510 141 793 197 PROLIIGOMENA.

146 289 277 355 retinui.
321 287 569 372 Discrepantias
602 287 782 386 scripturae
814 286 866 351 vel
894 288 1044 356 lectionis
1072 313 1164 375 prae·

148 378 326 443 stantiores
355 379 484 441 tantum
514 374 660 439 subicere
687 373 794 459 potui,
827 395 900 440 cum
928 380 1071 462 spatium
1097 401 1165 445 non

147 466 362 552 permitteret,
385 468 422 528 ut
444 463 574 548 longior
597 483 715 547 essem3
742 463 799 527 sed
822 463 984 530 interdum
1008 467 1165 533 lectiones

149 554 296 620 codicum
318 552 536 617 recentiorum
559 572 626 616 non
649 551 849 616 omittendae
872 556 974 618 erant.

216 641 289 706 Illis
317 643 428 707 autem
456 640 591 705 ducibus
614 644 773 726 magnat
758 641 856 706 turba
878 642 1025 708 codicum
1048 642 1123 709 inde
1146 667 1168 709 a

149 730 278 796 saeculo
310 751 397 796 nono
430 729 472 794 ad
503 729 669 795 saeculum
703 734 830 794 sextum
859 730 1019 796 decimum
1048 753 1082 796 se
1111 732 1165 798 ad-
1273 758 1276 763 ’

147 819 269 906 iungit,
298 840 379 905 quos
407 818 518 903 paucis
546 816 655 883 verbis
678 815 898 906 absolvam.*)
943 821 1051 905 Atque
1077 825 1167 887 certa

148 907 263 974 classis
286 908 412 992 primae
435 906 577 992 vestigia
598 927 678 990 prae
701 927 736 972 se
759 906 868 972 ferunt
890 906 925 972 hi
947 909 1081 976 codices.

216 994 345 1062 Codex
371 994 587 1061 Vaticanus
615 991 694 1080 (1⁷¹)
722 996 882 1080 reginae
904 994 1071 1063 -Sueciae
1099 999 1166 1065 333

148 1086 284 1151 membr
306 1082 343 1149 4⁰
370 1105 452 1149 saec.
475 1082 649 1151 VIH-lX
676 1086 714 1146 ut
737 1083 896 1149 Arevalus
926 1085 1007 1151 dixit
1030 1092 1064 1152 et
1086 1086 1165 1152 Lud.

147 1173 224 1259 Ieep
247 1174 328 1253 vult,
351 1172 407 1257 qui
430 1172 589 1256 singulari
611 1171 809 1236 liberalitate
832 1173 1014 1239 codicem
1003 1197 1038 1239 ιιι
1056 1197 1165 1241 meum

149 1284 245 1328 usum
277 1264 353 1326 cont
338 1260 429 1341 tulit,
466 1260 520 1324 vel
553 1280 635 1325 saec
666 1259 697 1323 X
730 1264 860 1326 auctore
891 1260 1167 1348 Reifferscheidio,

151 1351 207 1435 qui
234 1351 269 1414 in
293 1349 356 1416 vol
379 1347 423 1413 59
446 1347 525 1413 libri
546 1346 922 1434 „Sitzungsberichted
944 1351 1027 1417 haia
1049 1351 1113 1417 Ak.
1137 1353 1165 1418 d.

148 1437 250 1504 Wiss.
280 1437 365 1503 Phil
365 1436 464 1502 -Hisu
495 1435 626 1502 Glosse‘
652 1459 684 1522 p.
715 1437 779 1502 110
810 1437 954 1503 codicem
986 1440 1168 1525 descripsit.

149 1526 257 1593 Paene
281 1526 509 1611 apographum
531 1525 627 1592 huius
651 1525 844 1591 codicist
793 1529 844 1591 est

217 1614 345 1680 Codex
360 1613 598 1681 Harleianus
614 1611 696 1700 (ffl)
711 1614 799 1680 3093
814 1616 949 1683 membr.
963 1615 1000 1681 4⁰
1013 1638 1094 1683 saec.
1109 1617 1166 1696 XI,

151 1704 207 1789 qui
230 1704 299 1769 foll.
325 1700 662 1769 1b-19b1uv0neum
685 1703 812 1769 duabus
830 1705 989 1770 columnis
1009 1707 1166 1791 scriptum

152 1792 310 1876 continet3
328 1792 490 1857 interdum
509 1814 582 1857 cum
596 1794 690 1857 textu
704 1791 824 1858 codicis
840 1791 884 1860 V‘
897 1795 1048 1879 concinit,
1066 1796 1166 1858 inter-

151 1881 229 1947 dum
251 1881 408 1947 lectiones
431 1881 614 1966 singulares
638 1881 784 1965 praebet.

219 1969 346 2036 (lodex
374 1969 746 2056 Montepessulanus
770 1967 860 2058 (Mp)
884 1972 950 2037 362
973 1972 1108 2036 membr.
1131 1967 1169 2035 4⁰

153 2080 235 2124 saec.
262 2057 325 2142 IX,
353 2058 392 2123 de
420 2080 483 2144 quo
513 2081 543 2123 v.
571 2060 745 2145 catalogue
773 2059 828 2124 des
856 2059 928 2145 dep.
951 2059 968 2124 Ι
990 2083 1022 2146 p.
1043 2061 1111 2127 430
1133 2064 1168 2124 et

151 2147 177 2211 Ι.
214 2146 414 2212 Huemerum
454 2148 490 2211 in
524 2147 673 2233 prolegg.
714 2147 790 2212 edit.
827 2145 952 2213 Sedulii
991 2171 1022 2233 p.
1058 2147 1167 2215 XIIII.

151 2235 187 2300 F.
222 2235 345 2301 Pithon
380 2257 499 2301 nomen
536 2257 632 2301 suum
668 2236 725 2301 fol.
760 2237 794 2299 1²
829 2242 864 2301 et
895 2237 954 2301 94·
989 2237 1166 2319 inscripsit.

151 2323 324 2390 Lectiones
348 2324 428 2389 satis
448 2323 569 2389 multas
587 2324 698 2406 habui,
725 2345 764 2388 ex
783 2324 901 2409 quibus
920 2325 1062 2389 codicem
1081 2324 1167 2390 hunc

151 2415 375 2499 praestantem
398 2411 528 2478 vinculo
547 2416 638 2478 arcto
658 2433 732 2477 cum
750 2410 793 2476 0¹
812 2412 985 2478 cohaerere
1003 2417 1168 2497 appareat

220 2500 350 2567 (lodex
363 2500 608 2566 Matritensis
623 2498 724 2586 (Mat)
740 2522 839 2565 cason
855 2502 896 2565 14
910 2523 961 2566 no.
975 2501 1018 2564 22
1032 2501 1167 2567 membr.

151 2588 189 2655 4⁰
215 2612 296 2655 saec.
323 2588 372 2653 IX
399 2593 432 2654 et
454 2588 493 2653 X.
538 2587 622 2653 Vide
650 2589 690 2653 de
718 2609 755 2652 eo
781 2588 816 2653 P.
839 2588 955 2653 Ewald
982 2588 1017 2653 in
1039 2587 1168 2673 „Neues

152 2677 276 2744 Archiv
309 2677 364 2742 fiir
396 2677 454 2742 cll.
486 2677 515 2741 d.
548 2674 868 2742 Geschichtskunde“
897 2676 946 2742 VI
978 2678 1043 2743 316
1058 2700 1100 2742 ss.
1133 2683 1169 2743 et

152 2766 318 2832 Partschii
337 2766 414 2833 edit.
428 2763 563 2851 Oorippi
575 2787 606 2849 p.
619 2763 655 2830 L.
693 2763 877 2831 Collatione
895 2765 1015 2832 codicis
1035 2770 1168 2832 auctore

7 2909 28 2930 ,
153 2854 298 2920 Waitzio
317 2853 466 2920 confecta
483 2875 562 2919 usus
580 2876 653 2918 sum
674 2852 748 2939 (ms.
767 2853 909 2922 Berolin.
927 2856 984 2921 lat
1001 2855 1058 2921 fol.
1077 2855 1168 2942 448).

153 2943 323 3008 Interdum
347 2944 389 3008 ad
410 2941 571 3007 familiam
594 2942 768 3008 secundam
792 2943 924 3009 accedit.

221 3031 331 3116 Atque
354 3030 496 3098 indolem
514 3030 659 3096 familiae
678 3031 836 3096 secundae
855 3033 1003 3117 quamvis
1022 3032 1169 3099 lectioni-

154 3120 216 3185 bus
242 3119 388 3186 familiae
411 3120 536 3204 primae
558 3119 763 3205 interpositis
786 3121 838 3185 vel
860 3123 1035 3187 reservatis
1057 3121 1092 3185 hi
1116 3143 1169 3187 co-

155 3209 240 3274 dices
262 3230 342 3294 prae
365 3229 400 3273 se
422 3207 543 3274 ferunt:

221 3295 571 3363 (lodexVaticanus
585 3295 876 3363 Ottobonianus
888 3295 901 3379 l
909 3296 967 3383 1⁷²)
979 3298 1023 3364 35
1033 3299 1170 3364 membr.

228 3489 254 3557 ⁴¹)
274 3486 391 3544 Codices
409 3488 470 3558 ipse
489 3489 604 3561 contuli,
621 3488 677 3545 nisi
696 3489 773 3545 aliud
791 3490 944 3559 quicquam
962 3490 1132 3545 adfirmatur.
