2600 3934
161 171 205 237 92
578 169 752 254 nrsnnru.

161 315 339 402 Praecipit3
362 318 398 380 at
419 314 571 381 Marthae
593 315 671 380 telis
693 306 757 380 ror
779 314 932 380 verberat
954 336 1063 379 aures:
1125 330 1180 381 37⁶

161 404 343 488 „Quattuor
366 426 407 469 en
429 405 518 469 luces
541 395 742 488 totidemque
765 425 805 468 ex
828 402 941 468 ordine
964 406 1077 468 noctes

65 513 78 526 f
160 492 388 578 Praetereunt,
411 514 475 577 quo
499 492 646 557 membra
669 492 740 557 solo
764 495 936 576 composta
958 492 1138 576 quiescunt.

163 580 378 664 Crediderim,
400 602 517 665 corpus
541 584 634 646 motu
656 580 803 667 fugiente
826 579 943 646 caloris

161 669 313 736 Fetorem
336 670 491 735 miserum
513 670 700 754 liquefactis
723 670 856 734 reddere
878 668 1062 735 membris.“

163 758 226 824 His
249 758 344 825 dictis
368 762 481 824 contra
505 758 667 843 depromit
688 758 772 824 talia
795 756 961 823 Christus:
1127 773 1181 823 080

161 847 258 932 „Iem
280 848 402 913 totiens
426 847 548 912 dictum
572 850 635 932 est,
658 847 788 934 magnis
811 848 990 912 consistere
1012 847 1110 912 rebus

103 973 106 978 <
164 935 363 1007 Credentum
385 937 508 1002 virtute
531 936 640 1022 fidem,
665 937 721 1001 sed
744 937 851 1021 gloria
874 936 994 1000 summi
1027 971 1031 976 ·

162 1024 236 1090 Iam
260 1025 419 1111 genitoris
443 1026 550 1110 adest,
571 1025 648 1090 fidei
672 1026 700 1090 si
722 1023 1003 1097 roburhabetisf‘

162 1112 254 1179 Haec
275 1114 333 1178 ubi
356 1113 444 1180 dicta
467 1114 557 1180 dedit
579 1135 756 1198 saxumque
778 1113 922 1178 immane
943 1113 1083 1178 revulsis

165 1202 323 1269 Obicibus
346 1203 466 1288 patuit,
489 1203 594 1268 virtus
618 1223 694 1266 mox
716 1203 845 1267 conscia
868 1202 995 1267 caelum
1128 1217 1180 1266 300

166 1289 311 1377 Suspicit
333 1297 367 1355 et
388 1291 449 1356 tali
472 1290 653 1376 genitorem
676 1311 755 1354 voce
776 1294 945 1373 precatur:

165 1379 336 1465 „Eximiae
360 1382 484 1465 grates,
508 1378 646 1464 genitor,
669 1377 745 1460 tibi,
768 1381 893 1464 sancte,
915 1379 1069 1462 fatemur3

164 1467 219 1533 Me
240 1467 388 1553 placidus
411 1489 540 1552 semper
562 1466 756 1532 venerandis
780 1468 912 1532 auribus
936 1468 1042 1550 auffls,

165 1555 229 1622 Sed
251 1557 391 1640 populus
414 1577 569 1640 praesens
593 1577 644 1619 me
669 1555 804 1620 missum
827 1556 967 1640 credere,
980 1555 1111 1621 discat“

163 1643 254 1710 Haec
277 1644 332 1709 ubi
356 1644 442 1710 dicta
465 1644 567 1728 dedit,
589 1643 709 1708 tumuli
732 1667 808 1709 mox
832 1645 944 1709 limine
966 1645 1097 1730 inipso
1128 1661 1182 1710 390

163 1731 303 1798 Restitit
326 1732 463 1798 adverso
486 1733 654 1816 complens
678 1754 760 1798 cava
782 1755 861 1798 saxa
884 1735 1039 1800 clamore:

163 1821 322 1906 „hazare,
346 1821 463 1906 sopitis
486 1822 676 1886 redeuntem
700 1823 828 1908 suscipe
852 1823 1007 1888 membris

164 1911 218 1976 En
242 1910 386 1986 animam
409 1914 510 1995 tuque
532 1911 602 1995 ipse
624 1909 715 1975 foras
738 1913 772 1976 te
795 1912 908 1994 prome
931 1910 1134 1996 sepulchro.“

165 1998 236 2065 Nec
258 2021 350 2065 mora
373 2000 503 2065 conexis
526 1999 679 2064 manibus
701 1999 902 2085 pedibusque
924 2004 1056 2085 repente

164 2087 318 2154 Procedit
339 2087 482 2171 tumulo,
503 2088 632 2152 vultum
656 2088 707 2153 cui
729 2088 818 2153 linea
839 2090 931 2152 texta
1126 2104 1179 2153 300
1289 2169 1290 2172 ¹

165 2176 211 2241 Et
234 2180 340 2242 totum
364 2177 497 2263 gracilis
521 2177 662 2242 conectit
684 2175 938 2266 fasciacorp'us.

166 2264 250 2330 Tum
273 2266 357 2330 solvi
380 2265 478 2331 iussit
499 2266 687 2349 laetumque
711 2265 751 2330 ad
775 2269 862 2329 tecta
884 2265 1032 2330 remittit.

165 2353 279 2418 Iudaei
301 2356 476 2438 postquam
498 2353 622 2419 factum
645 2352 830 2419 venerabile
853 2357 1004 2439 cernunt,

168 2441 232 2518 Qui
255 2443 343 2507 tanti
364 2441 503 2510 Mariam
526 2441 658 2506 fuerant
679 2442 908 2526 Marthamque
931 2443 1048 2528 secuti,

167 2530 250 2595 Pars
274 2530 408 2595 credens
432 2533 580 2614 sequitur
601 2533 714 2595 tantae
736 2531 867 2595 virtutis
890 2530 1062 2616 honorem3
1131 2547 1183 2596 400

167 2618 234 2684 Ast
257 2618 315 2685 alii
336 2622 488 2702 repetunt
510 2619 623 2684 urbem
647 2640 881 2703 procerumque
905 2620 1052 2704 superbis

170 2706 297 2792 (iuncte
318 2707 506 2772 Pharisaeis
529 2729 638 2772 rerum
662 2707 819 2772 miracula
840 2712 986 2773 narrant.

104 2839 116 2856 e
212 2798 303 2882 Ergo
327 2798 369 2863 ud
391 2797 561 2862 concilium
586 2796 711 2861 scribae
734 2796 904 2882 plebisque
927 2802 1064 2863 vocatur

166 2884 241 2950 Iam
263 2886 395 2972 gravior
415 2907 583 2968 numerus,
606 2889 807 2969 querutum
830 2886 983 2971 principis
1007 2887 1075 2952 alte

165 2972 309 3040 Pulchre
331 2973 516 3059 Oaiphaeae
539 2973 712 3039 conlucent
735 2976 821 3039 atria
843 2975 938 3040 sedis.
1130 2989 1183 3041 400

167 3060 243 3128 Illic
265 3063 462 3147 complacuit
485 3063 654 3130 Christum
677 3067 884 3148 prosternere
905 3064 987 3148 leto,

137 3169 142 3176 ’
168 3149 233 3215 Sed
257 3151 362 3216 vitare
387 3152 455 3217 dies
478 3151 632 3237 paschae,
654 3174 697 3217 ne
719 3153 815 3237 plebe
837 3152 999 3237 frequenti

166 3237 341 3306 Discordes
364 3241 477 3325 populi
500 3246 655 3325 raperent
676 3242 711 3305 in
734 3241 824 3306 bella
845 3242 997 3307 furorem.

166 3489 170 3494 .
243 3451 295 3500 001
314 3447 437 3500 clamore
457 3446 488 3510 0,
508 3450 793 3520 concreditumst
812 3418 911 3519 sopitis
930 3466 999 3504 corr.
1018 3466 1053 3505 ccc
1070 3444 1185 3522 sospiti·

169 3511 222 3567 bus
242 3514 277 3570 0¹
289 3517 300 3585 l
313 3520 367 3570 400
386 3517 499 3570 sanctem
517 3515 586 3569 MT
595 3517 762 3591 V¹Adc¹89
775 3525 785 3591 l
797 3528 850 3576 405
867 3520 1015 3591 phariseae
1034 3522 1104 3576 ML
