2600 3934
496 128 781 185 PROLEGOMENA.
1105 131 1145 187 IX

131 274 268 340 Praeter
291 273 483 360 compendia
506 275 685 360 scripturae
707 275 830 340 usitata
852 296 912 360 pro
935 275 1023 360 deus,
1045 275 1145 361 Iesus,

132 363 296 448 Christus,
319 363 463 448 spiritus,
490 369 630 449 sanctus,
654 363 803 429 dominus
826 386 902 429 rara
924 364 1146 452 inveniuntu13

130 452 294 517 interdum
318 453 407 517 enim
429 474 452 536 p
476 452 609 536 legitur,
632 458 673 535 Bc,
698 475 741 536 qa,
764 452 820 537 qm
839 458 873 518 et
890 453 925 518 in
946 454 1011 519 fine
1029 475 1145 534 uocum

131 563 227 626 saepe
250 539 290 605 n0
310 538 386 628 (ns),
409 540 441 609 ι9
460 538 527 628 (us)
551 545 585 605 et
607 564 640 605 m
664 542 717 606 vel
737 563 761 606 n
782 542 939 607 omissum
957 543 1146 628 saepissime

129 630 261 715 virgula
284 652 383 715 supra
407 630 552 708 vocalem
577 630 821 695 antecedentem
843 631 953 715 posita
976 631 1145 697 indicatur.

130 717 225 794 Quod
247 718 289 784 ad
313 718 581 805 orthographiam
606 718 725 785 codicis
749 720 876 803 attinet,
899 741 995 805 saepe
1017 742 1146 804 permu-

129 810 243 873 tantur
270 807 402 873 litterae
429 808 442 872 i
465 812 498 872 et
522 829 553 888 e,
582 829 620 873 ae
643 812 677 872 et
699 829 730 892 e,
756 807 769 871 i
792 811 825 872 et
849 829 884 892 y,
912 830 987 874 raro
1012 830 1031 874 o
1055 811 1089 873 et
1111 832 1147 894 u;

130 896 264 981 ponitur
291 896 455 962 interdum
482 919 504 961 u
519 896 601 960 =b
630 899 663 961 et
690 897 769 960 b=
784 919 818 980 u,
845 897 863 959 f
874 926 915 949 =
934 895 980 982 ph
1007 896 1042 961 in
1068 918 1147 962 voce

130 984 306 1070 propheta,
337 984 543 1070 paucissimis
575 984 657 1050 locis
691 1006 811 1071 g=c
842 986 894 1049 vel
927 1007 984 1069 qu,
1016 1009 1096 1070 p=
1115 985 1147 1069 b,

131 1073 1147 1159 t==detd=t‚b=m,l=r;sinfinevocuminter·

132 1161 208 1227 dum
237 1162 400 1228 omittitur
428 1161 581 1248 (111514
608 1162 644 1227 in
672 1162 779 1226 media
805 1183 884 1228 voce
909 1161 1065 1246 fastr'yio).
1095 1161 1148 1228 Ex

132 1249 309 1336 archetypo
332 1251 399 1316 iam
422 1273 512 1317 error
534 1250 666 1317 fluxisse
685 1251 811 1317 videtur
827 1250 845 1315 I
864 1249 907 1317 85
927 1247 1070 1337 (flumine
1088 1272 1147 1335 pro

131 1338 288 1425 umrmp
316 1339 381 1406 584
405 1336 512 1426 (austra
535 1362 595 1422 pro
617 1339 739 1425 cassu
765 1339 798 1404 H
821 1339 865 1405 56
888 1338 1040 1426 (haspro
1063 1337 1148 1423 nos);

133 1428 228 1493 1227
246 1426 336 1512 (laeti
354 1450 413 1513 pro
429 1426 588 1512 eeo);]11
604 1430 668 1493 773
684 1427 802 1518 (selqtr'o
820 1449 880 1514 pro
897 1426 1044 1513 selectae);
1062 1432 1095 1493 et
1114 1428 1148 1492 in

135 1517 372 1602 subscriptione
395 1539 494 1603 supra
515 1520 631 1582 notata
649 1515 780 1583 Oaloetr'a'
797 1538 857 1601 pro
877 1514 937 1583 (lai
955 1517 1050 1583 Vera
1076 1514 1148 1581 Ser-

133 1609 228 1671 vatur
250 1605 448 1691 praepositio
468 1607 512 1671 ad
527 1627 600 1672 curn
619 1606 719 1670 verbo
739 1605 921 1691 composita
940 1608 1016 1670 ante
1036 1625 1067 1690 g,
1085 1606 1107 1689 l,
1124 1629 1147 1690 p

137 1715 272 1777 semper,
291 1697 367 1758 ante
386 1693 408 1779 f,
422 1717 464 1778 m,
478 1715 509 1779 n,
524 1716 539 1759 s
559 1715 687 1779 semper
704 1693 782 1780 fere,
800 1697 876 1759 ante
894 1717 911 1760 c
930 1716 1014 1778 raro,
1032 1696 1108 1758 ante
1130 1715 1148 1757 r

134 1785 168 1847 et
190 1785 205 1847 t
228 1804 414 1866 numquam,
437 1803 494 1848 cors
516 1785 665 1848 servator
688 1787 764 1850 ante
787 1784 800 1847 l
823 1804 951 1868 semper
973 1781 1050 1866 fere,
1073 1785 1149 1846 ante

134 1893 156 1955 p
184 1871 315 1956 saepius
338 1871 556 1955 adsimilatur,
579 1875 657 1937 ante
680 1894 713 1936 m
736 1876 810 1936 etr
833 1893 960 1957 semper
984 1871 1149 1936 adsimila

134 1964 200 2043 tur3
234 1962 271 2024 irs
303 1964 450 2026 servatur
482 1963 557 2024 ante
584 1961 596 2025 l
623 1962 657 2024 et
684 1981 701 2023 r
728 1981 868 2044 semper,
900 1964 977 2025 ante
1004 1982 1038 2024 m
1066 1963 1100 2024 et
1127 1980 1149 2042 p

134 2048 247 2132 paucis
268 2048 365 2134 locis;
387 2049 423 2116 ob
441 2070 569 2133 semper
588 2048 808 2133 adsimilatum
829 2048 887 2114 sab
906 2052 1055 2114 servatur
1074 2051 1150 2112 ante

134 2159 152 2200 r
175 2158 303 2220 semper
326 2141 452 2203 etanta
471 2159 504 2202 m
524 2157 629 2221 saepe,
653 2136 858 2202 adsimilatur
876 2140 952 2202 ante
970 2158 997 2220 o,
1012 2156 1043 2220 g,
1057 2158 1087 2220 p.
1108 2171 1148 2182 -

135 2223 360 2310 Archetypum
378 2226 507 2313 glossas
526 2226 647 2291 multas
667 2229 701 2290 et
719 2225 954 2310 discrepantias
970 2224 1150 2310 scripturae

136 2314 188 2379 vel
211 2314 319 2380 varies
342 2314 497 2380 lectiones
516 2314 698 2398 adscriptas
723 2318 756 2379 et
773 2336 887 2380 versus
906 2314 1075 2379 additicios
1093 2336 1150 2378 nu-

136 2423 225 2468 mero
258 2424 353 2488 saepe
384 2425 518 2489 prorsus
549 2406 696 2469 carentes
723 2402 853 2487 habuit,
886 2424 969 2487 quae
995 2402 1149 2467 librarius

138 2491 247 2556 omnia
269 2513 334 2557 uno
358 2495 471 2558 tenore
490 2492 686 2576 coniungere
705 2492 841 2576 solebat,
864 2491 1028 2557 interdum
1046 2491 1150 2556 itaut

138 2578 377 2666 discrepantem
413 2582 587 2647 lectionem
623 2580 759 2663 virgulis
797 2581 920 2646 duabus
958 2580 1149 2664 includeret3

139 2668 196 2732 sed
223 2691 351 2735 summa
378 2691 456 2735 eura
479 2668 661 2735 adhibenda
684 2672 748 2754 est,
770 2692 844 2735 curn
865 2691 933 2735 non
954 2691 1030 2734 raro
1053 2669 1151 2734 lectio

138 2757 280 2841 genuina
305 2758 369 2823 hoo
395 2758 492 2824 modo
519 2760 653 2824 notetur
679 2758 732 2823 vel
760 2759 881 2823 omissa
908 2760 941 2823 et
964 2757 1077 2842 glossa
1099 2755 1151 2822 vel

139 2845 357 2932 discrepantia
374 2852 505 2932 recepta
524 2848 576 2912 sit.
611 2845 833 2912 Nihilominus
852 2845 906 2912 hic
924 2846 1024 2911 codex
1038 2845 1151 2910 multis

139 2933 219 2999 loeis
251 2934 425 3000 lectionem
458 2936 632 3021 genuinam
664 2936 754 3000 solus
784 2935 933 3020 praebet,
965 2956 1048 3019 quae
1079 2933 1151 2999 aliis

44 3059 46 3062 >
139 3022 219 3088 loeis
243 3045 317 3089 cum
341 3024 467 3090 oodices
486 3025 630 3090 eiusdem
647 3023 792 3090 familiae
811 3027 1040 3108 comparentur
1057 3021 1152 3088 facile

140 3111 271 3177 eruitur.
308 3112 511 3198 Quamquam
535 3113 660 3179 codices
679 3114 776 3178 ceteri
795 3113 878 3178 haut
895 3134 1029 3196 prorsus
1046 3112 1152 3197 negli-

140 3200 237 3284 gendi
273 3206 363 3281 sunt,
405 3224 478 3267 curn
515 3202 693 3287 archetypo
731 3201 856 3287 primae
893 3200 1039 3267 familiae
1074 3221 1153 3266 non·

139 3289 239 3354 nullis
263 3290 345 3356 locis
362 3290 428 3356 iam
447 3291 620 3356 lectionem
639 3292 851 3376 depravatam
869 3293 1033 3375 receptam
1051 3289 1153 3354 fuisse

141 3380 275 3443 constet.
321 3377 474 3444 (letarum
501 3401 617 3445 manus
644 3380 750 3444 altera
777 3379 920 3444 eiusdem
944 3377 1012 3444 fere
1035 3375 1153 3442 aetatis

141 3464 266 3532 leviora
284 3467 402 3533 menda
416 3468 535 3534 codicis
549 3469 616 3533 iarn
630 3469 771 3534 correxit
783 3468 836 3533 vel
851 3469 886 3532 in
899 3468 990 3552 peius
1004 3464 1154 3530 mutarit.
