2600 3934
499 166 534 223 v.
553 171 704 223 ees-ma.
1059 166 1103 231 43

86 314 160 380 Iam
184 314 333 399 superest
357 311 524 377 dominum
547 312 670 398 segetis
692 312 865 396 deposcere
887 314 1015 395 tantae,

88 401 136 468 Ut
159 424 218 467 sua
241 424 318 466 rura
340 399 421 465 velit
443 422 578 467 numero
602 402 766 485 complere
789 398 981 466 colentum.“

134 507 225 573 Haec
248 507 336 571 fetus
359 507 481 591 populo
505 527 545 571 ex
568 507 658 571 omni
680 506 805 572 delecta
828 527 975 570 seorsum
1051 521 1104 570 430

88 596 203 663 Fortia
225 597 449 681 conglomerat
472 594 601 660 bisseno
624 599 758 680 pectora
781 598 885 661 coetu.

89 685 161 751 Hos
185 685 242 751 ubi
265 684 401 769 delegit,
423 684 605 768 praeceptis
628 682 751 748 talibus
774 684 904 768 implet:

88 773 265 857 „Devitate
287 772 394 857 itiner,
418 771 503 858 quod
527 775 641 857 gentes
664 771 856 855 perfidiosae

88 862 136 928 Et
159 860 396 927 Samaritarum
418 860 542 925 fraudis
565 861 706 946 vestigia
729 861 865 926 calcant.

90 951 239 1037 Pergite,
263 972 327 1034 qua
349 943 448 1034 p'atrii
471 949 597 1033 pecoris
621 949 769 1015 custodia
791 948 893 1013 labat.
1052 962 1105 1012 430

91 1039 269 1126 Pergentes
291 1060 368 1103 vero
393 1038 532 1102 similem
557 1037 637 1102 mihi
661 1038 779 1102 sumite
801 1041 958 1122 mentem,

91 1126 139 1192 Ut
161 1127 255 1194 vobis
278 1126 411 1212 subigat
434 1127 571 1192 virtutes
593 1127 761 1192 daemonis
785 1127 848 1191 atri

90 1214 212 1282 Sancta
234 1216 314 1280 fides
338 1237 512 1300 curamque
534 1215 623 1300 piam
646 1215 860 1302 languoribus
882 1216 981 1299 aptet

91 1304 165 1370 Hae
188 1305 274 1370 vires
296 1304 388 1369 nulla
411 1305 504 1369 vobis
528 1304 675 1369 mercede
699 1305 861 1369 dabuntur

92 1393 139 1458 Et
161 1416 220 1459 vos
243 1393 325 1458 haut
349 1392 445 1457 aliter
467 1394 613 1479 gratuita
635 1393 800 1478 inpendite
823 1393 918 1457 dona.
1053 1406 1105 1456 440

91 1480 166 1547 Non
192 1481 263 1547 auri
285 1483 455 1567 argentive
478 1483 588 1547 domet
610 1481 774 1565 possessio
799 1486 954 1565 mentem,

90 1569 161 1636 Nec
184 1593 242 1636 vos
265 1592 473 1636 nummorum
496 1570 627 1656 subigat
650 1572 809 1636 scelerata
830 1570 955 1654 cupido.

93 1657 171 1724 Non
195 1659 342 1744 geminas
365 1663 473 1724 vestes
496 1680 554 1724 nec
578 1660 701 1743 plantis
724 1657 872 1745 tegmina
895 1659 972 1723 bina
1007 1694 1011 1700 ·

93 1745 238 1812 Virtutis
259 1747 364 1813 nudae
388 1748 497 1830 cupiet
520 1769 649 1813 servare
673 1747 829 1812 minister.

93 1835 238 1920 Ingressi
261 1836 486 1901 murosurbis
509 1836 689 1921 perquirite
712 1858 849 1921 semper,
1054 1850 1106 1900 443

91 1924 247 2009 Hospitio
271 1944 409 2009 quorum
432 1947 492 2008 par
515 1926 560 1990 sit
583 1925 753 1990 succedere
775 1925 885 2008 iustis3

91 2012 303 2099 Ingressique
327 2014 442 2078 dehine
465 2035 580 2099 pacem
603 2015 664 2078 sub
687 2018 774 2079 tecta
798 2016 920 2078 vocate.

92 2099 129 2166 si
151 2102 332 2186 tranquilla
355 2102 470 2167 domus
491 2103 607 2187 fuerit,
630 2126 695 2188 pax
718 2103 776 2167 illa
798 2101 956 2185 manebit,

91 2187 151 2255 Sin
174 2189 236 2255 erit
257 2190 400 2274 indignis
424 2191 631 2257 habitantum
655 2192 801 2256 moribus
824 2191 976 2273 horrens,

90 2278 253 2363 Diffugiet
275 2283 482 2364 vestrumque
506 2279 631 2344 abitum
654 2302 718 2364 pax
741 2283 852 2345 vestra
874 2284 1035 2363 sequetur.
1055 2293 1107 2344 430

92 2367 254 2432 Excludet
278 2368 472 2452 quicumque
495 2367 582 2433 ferus
606 2390 665 2433 vos
688 2368 800 2432 limine
824 2368 915 2452 tecti,

93 2455 239 2520 Auribus
263 2459 321 2520 aut
344 2456 433 2521 duris
458 2460 588 2541 spernet
611 2456 726 2522 vitalia
748 2458 861 2541 verba,

158 2670 223 2735 post
245 2671 296 2720 431
326 2667 444 2723 insertus
467 2672 505 2722 eet
527 2668 571 2721 hic
593 2684 636 2722 a:
669 2665 717 2720 Bis
744 2683 792 2720 sex
818 2665 962 2720 consociat
986 2665 1106 2731 fidorum

88 2736 181 2792 corda
199 2734 322 2791 virorum
342 2736 383 2805 0¹,
407 2738 462 2792 deco
480 2753 575 2793 verrem
591 2739 699 2792 tofucrso
718 2739 814 2792 ordine
832 2737 1025 2804 1404111434
1043 2741 1107 2790 acte

92 2806 218 2878 vestigia
229 2822 339 2863 aarum
352 2813 390 2862 eet
404 2807 533 2863 doctrina
546 2808 709 2877 frequentat
719 2807 753 2862 0¹
767 2810 776 2878 ΙΙ
791 2814 842 2861 435
861 2806 941 2862 labat
962 2806 985 2861 0
1002 2807 1060 2876 (scd
1076 2808 1109 2860 io

96 2878 135 2932 V¹
153 2880 211 2946 fcit
227 2878 321 2946 balat,
341 2880 413 2949 quod
435 2881 467 2934 ia
485 2880 520 2933 Η
522 2881 532 2935 1
550 2881 649 2948 exstat)
677 2881 687 2948 0
713 2884 765 2932 444
785 2883 849 2933 ante
867 2877 981 2947 subigat
998 2893 1108 2932 erasum

91 2954 146 3004 eet:
173 2948 266 3005 rabies
292 2949 446 3005 vanissime
468 2949 564 3005 vincat
588 2949 629 3017 01,
663 2950 805 3019 quaedie.
824 2965 875 3004 scr.
895 2950 1108 3003 1010010000-

80 3024 201 3090 ceptum
218 3025 257 3075 cst
275 3020 329 3089 Mp
351 3018 361 3089 11
382 3025 435 3075 443
459 3020 523 3076 Non
543 3020 617 3088 0111,
638 3021 697 3075 Nec
719 3022 729 3091 ΙΙ
754 3024 807 3073 444
827 3019 924 3088 cupiat
942 3034 1053 3075 servare
1073 3019 1108 3073 01

91 3089 164 3159 111111,
184 3090 280 3160 capiat
298 3092 403 3146 servire
415 3092 499 3146 MR*
518 3093 575 3161 (sed
592 3093 637 3147 hic
655 3091 752 3161 cupiat
769 3092 811 3146 vel
825 3090 920 3159 capiat
938 3091 991 3160 1091
1000 3092 1108 3159 potest),

89 3165 206 3232 portare
231 3161 324 3232 werp
346 3165 357 3232 [Ι
380 3167 433 3216 400
453 3163 581 3218 habitum
602 3163 626 3217 O
649 3165 659 3233 ΙΙ
678 3167 742 3231 post
766 3168 819 3216 403
836 3167 891 3216 tres
911 3161 998 3216 lineae
1016 3176 1110 3215 accae

87 3238 171 3300 emet,
194 3249 314 3303 quoram
331 3249 345 3288 e
362 3235 484 3305 vestigiis
501 3235 640 3303 suspicari
658 3235 733 3300 lieet,
760 3234 830 3288 duee
846 3248 940 3287 000000
957 3233 999 3286 ibi
1015 3232 1110 3299 faisse,

90 3305 142 3372 qui
168 3309 278 3359 exstant
303 3305 337 3358 in
364 3306 427 3360 edit.
446 3305 580 3360 Decentr.
606 3311 631 3360 ct
652 3304 818 3359 Poelmanue'
844 3309 869 3357 et
891 3303 924 3358 ta
945 3304 1003 3359 cod.
1023 3302 1110 3358 Mat:

91 3372 160 3429 Sive
184 3376 263 3443 (Mat
286 3374 346 3445 Sin)
370 3391 470 3430 aversa
493 3377 573 3442 (Mat
595 3375 725 3444 adversa)
749 3373 796 3429 dei
817 3374 938 3428 famulos
962 3373 1110 3429 succedere

94 3443 180 3500 tectis
199 3444 381 3516 Hospitiique
400 3446 477 3502 focos
497 3445 572 3513 (Mat
590 3446 655 3516 Oep.
666 3447 746 3513 fores,
763 3447 810 3500 sed
823 3447 855 3500 io
868 3459 954 3514 marc.
973 3445 1005 3497 at
1021 3441 1110 3510 focos)

91 3515 213 3571 miscere
233 3518 351 3587 gravata
369 3517 479 3574 vetabit
497 3517 574 3586 (Mat
590 3517 702 3586 ingrata
720 3515 834 3585 uitauit)
