2600 3934
107 93 173 149 VIII
473 90 758 148 Pnonuoonnnr.

110 237 324 324 praefationis
352 257 448 301 verae
477 236 593 321 (usque
622 236 662 300 ad
689 257 800 302 vocem
827 234 977 323 „tellus“)
1003 237 1124 304 litteris

109 326 306 409 uncialibus,
343 325 428 390 sicut
466 328 574 390 cetera
604 323 686 390 folia
719 324 841 409 omnia,
878 327 1018 410 scriptae
1051 349 1124 395 con·

78 490 80 493 v
111 416 204 481 tinet.
249 413 339 479 Finis
363 411 482 479 codicis
504 412 655 498 mutilus,
681 435 759 478 nam
781 434 844 478 vox
866 413 984 479 ultima
1006 419 1056 480 est
1077 415 1126 481 IV

111 506 172 571 731
206 503 339 588 „soleba
354 501 372 535 “
404 498 474 586 (fol.
508 499 595 587 115).
648 500 699 568 De
736 501 863 588 origine
895 502 948 567 vel
981 504 1020 568 de
1051 527 1126 590 pos-

112 592 294 659 sessoribus
313 591 391 675 eius,
410 595 584 675 antequam
602 591 638 655 in
657 590 890 656 bibliothecam
909 590 1040 677 collegii
1054 615 1126 678 per-

109 679 310 766 venit,¹nihil
329 676 508 765 constat*),
527 700 599 744 cum
618 679 652 744 in
670 678 752 745 folio
770 679 876 763 primo
891 679 1025 766 aliquid,
1040 682 1127 766 quod

111 771 251 837 fortasse
275 768 316 835 ad
339 767 423 834 hanc
445 789 515 832 rem
538 767 771 833 enucleandam
794 768 967 853 pertinuit,
996 792 1126 837 erasum

111 859 163 926 sit.
201 857 263 924 Sed
286 856 359 942 quis
381 856 446 921 fuit
469 856 527 921 illa
547 856 810 942 Engelberga,
834 857 924 923 cuius
947 879 1068 924 nomen
1090 859 1126 924 in

111 947 259 1033 margine
278 945 444 1029 superiore
462 944 536 1010 folii
556 942 613 1010 75a
631 945 752 1010 litteris
772 946 939 1030 anglosax.
961 947 1126 1032 adpictum

113 1036 185 1102 est?
209 1073 251 1082 -
277 1033 419 1119 Scriptio
452 1033 555 1099 totius
587 1033 707 1100 codicis
736 1033 867 1099 omnino
896 1035 1025 1120 quidem
1053 1058 1126 1102 con-

113 1126 207 1190 tinua
231 1126 290 1208 est,
314 1122 371 1187 sed
391 1122 467 1187 finis
490 1143 643 1187 versuum
666 1121 797 1208 virgula
819 1126 853 1187 et
869 1123 906 1187 in
922 1124 1031 1209 prima
1049 1145 1126 1209 qua—

113 1214 262 1279 ternione
290 1211 404 1276 littera
432 1231 559 1295 quoque
581 1211 689 1295 prima
711 1231 824 1275 versus
848 1211 970 1276 maiore
992 1216 1126 1278 notatus

113 1306 164 1366 est
184 1299 396 1388 (quamquam
415 1299 547 1385 virgula
559 1320 626 1364 non
640 1320 767 1383 semper
781 1302 869 1365 recto
884 1300 956 1366 loco
970 1298 1127 1388 ponitur).

112 1457 185 1513 illud
197 1455 301 1527 Apoth.
315 1474 342 1511 v.
357 1460 408 1511 981
429 1455 600 1526 bisyllabnm
620 1455 762 1511 adhibeat.
790 1454 863 1510 Tum
878 1471 982 1510 nomen
995 1456 1128 1512 Iohannis

113 1546 138 1583 v.
160 1535 174 1583 't
198 1527 289 1582 tribus
313 1525 431 1597 syllabis
450 1529 480 1581 et
496 1525 510 1579 Ι
529 1525 695 1581 consonanti
712 1526 952 1596 pronuntiandum
971 1530 1027 1596 est,
1052 1527 1129 1598 qnod

113 1616 170 1654 non
203 1598 294 1668 magis
322 1597 359 1652 ad
386 1613 469 1651 usum
495 1595 611 1652 iuvenci
638 1597 768 1667 quadrat.
810 1595 931 1652 Accedit
957 1597 1033 1666 qnod
1060 1599 1129 1654 ordo

115 1668 360 1739 evangelistarum,
379 1685 443 1723 cum
455 1669 592 1724 Iuvencus
605 1667 636 1723 in
650 1684 735 1738 opere
749 1684 799 1723 suo
814 1667 986 1724 conficiendo
1000 1669 1129 1726 versione

114 1757 187 1810 quae
209 1738 314 1795 dicitur
330 1739 404 1794 Itala
422 1755 488 1794 usus
508 1738 557 1807 sit,
576 1738 605 1793 in
625 1756 683 1808 qua
701 1739 876 1795 Matthaenm
895 1739 1048 1808 Iohannes,
1066 1741 1129 1795 tum

114 1812 205 1866 Lucas
229 1813 258 1865 et
275 1810 386 1865 Marcus
403 1810 571 1879 sequuntur,
593 1809 624 1864 in
641 1811 697 1865 hac
714 1809 892 1878 praefatione
910 1809 986 1865 idem
1004 1813 1061 1882 est,
1080 1812 1130 1881 qui

114 1899 132 1938 a
158 1880 279 1937 testibus
302 1880 417 1936 Graecis
444 1882 572 1936 servatur
599 1883 628 1935 et
656 1881 693 1936 ab
716 1881 888 1952 Hieronymo
916 1883 1046 1952 receptus
1072 1885 1130 1938 est:

114 1952 165 2008 Mt.
184 1951 238 2007 Mc.
257 1952 306 2006 Lc.
324 1950 366 2006 Ih.
404 1951 459 2007 Sed
484 1951 556 2007 haut
578 1951 786 2033 neglegendum
808 1955 865 2019 est,
891 1951 1028 2023 insignia,
1057 1970 1131 2023 quae

115 2023 297 2095 evangelistis
328 2039 364 2077 ax
394 2020 503 2078 visione
529 2022 687 2078 Ezechielis
719 2022 839 2078 attribui
868 2022 971 2092 solent,
1009 2024 1051 2079 sic
1077 2025 1131 2079 im·

114 2094 231 2163 mutari,
254 2096 299 2161 ut,
322 2109 386 2150 cum
411 2093 526 2149 nomina
542 2092 633 2148 Marci
651 2094 682 2147 et
699 2093 831 2150 Iohannis
849 2093 923 2149 inter
941 2111 971 2151 se
989 2098 1130 2164 permuta·

115 2163 1026 2292 :tinebitusitttttltltitttttthttthtt
1034 2183 1132 2293 titt:

116 2307 153 2362 ad
173 2306 379 2376 explanandam
395 2304 544 2375 picturam,
582 2305 656 2361 uahs
670 2253 791 2377 exeinpli
804 2306 899 2377 gratia
912 2307 941 2361 in
955 2306 1024 2363 folio
1038 2308 1130 2377 primo

116 2377 221 2434 codicis
246 2377 404 2445 cuiusdam,
428 2376 477 2459 qni
496 2375 546 2432 su.
562 2324 734 2433 (delumbani
751 2376 836 2433 fuisse
855 2376 959 2433 dicitnr
977 2379 1007 2433 et
1022 2377 1053 2432 in
1071 2379 1130 2434 col-

115 2450 191 2520 legio
205 2447 343 2503 trinitatis
357 2446 473 2502 Dnbhni
486 2447 659 2517 adservatur,
677 2446 800 2518 insignia
812 2446 864 2502 illa
878 2448 977 2503 tabula
990 2450 1131 2518 quadrata

116 2521 146 2576 et
167 2519 250 2574 lineis
273 2519 382 2574 duobus
405 2517 561 2573 decussatis
584 2519 614 2573 in
637 2519 773 2588 quattuor
794 2521 891 2588 partes
915 2518 1068 2575 distributa
1085 2537 1130 2576 re-

135 2591 284 2647 raesentat.
323 2589 440 2657 Quoque
459 2588 550 2644 minus
570 2589 605 2644 de
623 2589 678 2645 hac
695 2606 726 2644 re
745 2589 870 2659 dubites,
888 2589 919 2643 in
938 2590 1042 2645 codicis
1060 2590 1130 2646 bibl.

116 2609 288 2718 bodleianae
298 2657 527 2715 Rushsvcrthiani
540 2661 577 2729 (a.
587 2662 652 2729 800)
670 2659 777 2730 pagina
791 2662 916 2716 extrema
930 2660 960 2716 in
974 2678 1023 2716 sex
1035 2664 1132 2732 partes

119 2732 270 2789 distributa
292 2748 389 2787 versus
412 2730 457 2785 illi
478 2747 536 2786 una
559 2748 623 2787 cnm
642 2730 840 2787 adhortatione
859 2732 968 2787 scribae
986 2731 1132 2803 Macregol

118 2804 175 2877 (vel
190 2804 284 2860 liuere
323 2801 356 2872 il)
375 2800 510 2871 descripti
527 2804 601 2858 sunt
629 2802 690 2857 Iam
707 2801 791 2858 valde
809 2803 967 2858 mirandum
985 2805 1037 2871 est,
1056 2804 1132 2874 quod

117 2876 148 2931 in
162 2876 258 2931 codice
301 2876 381 2929 ¹uno
396 2872 437 2928 sic
450 2872 623 2928 inscribitur:
637 2872 742 2944 Incipit
754 2873 891 2949 plologus
905 2873 980 2943 (sict)
996 2874 1132 2943 damassi3

116 2964 184 3074 232¹}
207 2945 432 3071 terimith?
450 2943 1001 3071 hiltlstffiffidihpii⁰dt¹tmd⁰⁸
1021 2945 1134 3072 butt

118 3087 226 3145 K¹·²V²
248 3085 312 3142 Au.
336 3084 382 3142 m
406 3085 479 3156 oco,
501 3088 568 3156 post
589 3086 675 3142 finam
696 3085 811 3142 Iuvenci
834 3085 966 3142 carminis
989 3086 1081 3142 additi
1103 3087 1132 3142 in

119 3158 249 3231 Addua
264 3156 295 3210 in
308 3156 449 3239 principio
464 3155 594 3212 carminis
609 3158 658 3212 sed
673 3158 709 3213 ab
722 3157 781 3213 alia
795 3174 882 3212 manu
895 3157 1032 3227 scriptiin
1041 3159 1095 3228 ΜΡ
1101 3157 1133 3212 Τ.

191 3232 217 3298 Ι”)
237 3228 289 3284 Th.
308 3227 388 3282 Astle
405 3243 436 3282 ru
454 3227 527 3283 libro
545 3226 622 3297 „The
641 3227 734 3297 origin
751 3228 808 3283 and
821 3245 952 3299 progress
967 3229 998 3284 of
1010 3228 1133 3299 vriting.

121 3301 231 3358 Second
253 3298 361 3354 edition
382 3296 499 3353 London
524 3300 612 3354 1808“
636 3316 683 3355 sus
704 3299 795 3354 iustus
819 3301 861 3355 est
880 3302 918 3369 (p.
937 3300 984 3369 98)
1008 3299 1133 3355 codicem

119 3372 200 3426 illam
214 3368 328 3425 iuvenci
342 3368 476 3437 scriptum
490 3383 551 3424 esse
566 3370 678 3426 saeculo
712 3368 752 3424 HI
766 3371 796 3426 at
808 3371 969 3440 exemplum
978 3371 1134 3441 scripturae

119 3439 336 3510 longobardicae
355 3454 416 3493 esse
433 3437 512 3495 dixit.
