2600 3934
531 155 816 213 PROLBGOMENL
1156 159 1182 215 V

165 298 377 366 OALVETII
404 299 576 377 AQILINI
603 300 704 368 SIVE
733 300 944 369 IVVEeNGI
972 299 1062 388 (sibl)
1090 307 1124 369 et
1148 304 1184 369 in

165 389 229 453 fine
252 388 331 453 libri
352 387 369 452 Ι
391 389 492 453 simili
514 390 626 456 modo:
655 389 979 456 SAPIENTISSIMI
1000 390 1097 457 VIRI
1120 391 1184 458 IV-

165 492 305 561 VBNOI
323 493 478 560 XPIANI
495 493 852 562 BVANGELIORVM
870 494 1005 561 LIBER
1017 497 1182 564 PRIMVS

165 581 386 649 EXPLICIT⁹
399 582 565 649 INCIPIT
576 583 711 650 LIBER
726 583 958 652 SECVNDVS
973 583 1184 652 GALVB'I'II

164 670 377 748 AQVILINI.
432 671 529 739 Certe
570 674 700 757 quidem
736 675 843 759 prima
880 673 1006 757 syllaba
1042 676 1184 740 nominis

166 759 307 827 Calvetii
329 760 483 826 mendum
507 766 557 827 est
580 784 640 847 pro
664 760 737 847 Gai,
760 784 839 828 nam
863 759 961 827 Gaius
984 785 1185 849 praenomen

165 850 201 914 in
238 849 402 915 codicibus
439 853 490 915 eet
475 850 555 915 teris
593 851 745 917 omnibus
781 851 916 936 legitur,
958 854 1013 936 qui
1050 854 1184 919 nomina

166 942 284 1024 poetae
314 938 446 1022 integra
475 939 627 1042 produnt.
632 938 667 1023 ³¹³)
713 938 823 1005 Codex
853 939 926 1004 R'
916 961 952 1004 m
982 940 1049 1005 fine
1078 941 1183 1008 totius

167 1026 275 1111 operis
290 1030 446 1111 quattuor
458 1048 592 1093 nomme
605 1027 738 1094 quenci
751 1029 900 1113 pzraebet
913 1027 1184 1096 EXPLIOIVNT

166 1051 289 1180 LIBRI
331 1114 400 1180 HII
443 1114 802 1183 BVANGBLIORVM
843 1115 1060 1183 VERSIBVS
1107 1117 1184 1183 all

165 1193 334 1300 ΨΕΞΤΠ
354 1202 555 1280 AQVILINI
573 1204 760 1272 IVVENOI
776 1202 1043 1284 PRESBITERI
1060 1204 1185 1293 (Oodex

167 1264 271 1358 M
234 1314 354 1359 nomen
382 1297 459 1377 poet
460 1315 499 1358 ae
526 1294 618 1360 nullo
646 1295 719 1361 loco
743 1294 865 1377 innuit,
891 1294 1086 1379 praesertim
1110 1316 1185 1360 cum

166 1382 241 1446 finis
270 1380 389 1448 codicis
417 1382 624 1448 mutilust
580 1383 646 1464 sit.)
692 1381 823 1449 Nomen
847 1387 957 1448 autem
981 1386 1060 1469 gent
1045 1383 1185 1449 tilicium

166 1469 231 1536 Vet
217 1471 298 1537 ttius
321 1471 374 1535 vel
397 1468 514 1535 Vetius
537 1471 591 1536 vel
612 1470 749 1537 Vectius
773 1470 973 1556 scribitur,
963 1491 999 1535 m
1021 1471 1131 1537 codice
1152 1470 1185 1535 R

167 1559 281 1625 littera
317 1579 410 1624 erasa
446 1558 474 1623 T
510 1559 612 1629 fuisse
647 1561 737 1625 videt
722 1564 777 1625 tur
815 1560 864 1644 (in
897 1522 966 1625 solo
1004 1559 1113 1626 codice
1150 1559 1184 1624 B

166 1670 287 1714 nomen
299 1646 427 1713 Veitius
445 1648 591 1733 legitur).
627 1647 711 1714 Tum
730 1668 910 1734 cognomen
928 1648 1069 1731 primum
1084 1647 1184 1732 Aqui-

168 1736 255 1802 linus
272 1736 342 1801 sine
356 1735 575 1820 discrepantia
589 1737 770 1823 scripturae
783 1736 914 1820 legitur,
933 1736 990 1801 sed
1004 1754 1185 1822 cognomen

168 1824 248 1890 illud
266 1825 474 1890 notissimum
487 1824 685 1909 ‚Iuvencus“
702 1826 901 1892 variationes
921 1825 1078 1909 quasdam
1092 1840 1184 1909 prae-

167 1913 233 1979 bet.
278 1912 328 1978 Ae
360 1912 501 1997 primum
534 1914 664 1998 quidem
698 1914 784 1999 quod
815 1913 851 1978 in
880 1913 992 1996 paucis
1020 1914 1184 1979 codicibus

170 2002 366 2088 cognomina
394 2002 457 2066 duo
484 2002 647 2087 particula
673 2003 782 2086 ‚‚siue“
809 2003 1064 2087 coniunguntur,
1096 2002 1184 2067 addi-

168 2095 351 2155 tamentum
378 2090 507 2155 librarii
535 2095 598 2174 est,
626 2093 683 2175 qui
710 2091 746 2155 in
767 2090 945 2174 archetypo
968 2112 1028 2155 suo
1051 2090 1104 2155 vel
1127 2112 1184 2155 no·

168 2180 258 2244 mina
294 2176 329 2243 O.
360 2177 493 2244 Vettius
532 2179 707 2264 Aquilinus
742 2179 796 2245 vel
832 2198 1016 2264 cognomen
1051 2176 1183 2244 quenci

168 2268 273 2332 solum
305 2267 430 2333 invenit
463 2271 496 2333 et
527 2272 700 2353 utrumque
728 2266 891 2351 particula
919 2266 988 2333 sive
1016 2267 1184 2332 coniunxit

168 2354 251 2440 (sive
278 2356 399 2441 legitur
427 2356 462 2420 in
491 2354 532 2420 0¹
555 2357 678 2422 subscr.
706 2355 919 2441 praefationis
947 2356 1092 2442 spuriae,
1122 2355 1190 2421 PK

169 2446 290 2510 subscr.
318 2443 396 2508 libri
418 2442 460 2509 ΙΙ.
488 2443 548 2510 ΠΙ
574 2444 636 2529 IV,
663 2445 698 2510 B
721 2445 843 2511 subscr.
866 2443 1012 2532 libriI);
1039 2444 1181 2529 plerum-

168 2554 229 2617 que
246 2553 366 2597 nomen
384 2531 515 2599 quenci
534 2534 640 2599 solum
660 2533 885 2615 subscribitur,
903 2555 978 2599 raro
999 2496 1033 2599 ’0
1050 2532 1182 2599 Vettius

167 2620 745 2725 Aquilinus.Denique·1ntribus
773 2583 936 2688 codicibus
966 2621 1183 2706 discrepantia

167 2710 202 2774 in
237 2709 432 2796 proferendo
466 2712 598 2776 nomine
629 2711 762 2777 Iuvenci
794 2711 891 2776 obvia
923 2714 982 2775 est.
958 2709 1156 2776 tNam
1146 2733 1183 2774 m

168 2798 237 2865 eod
237 2734 309 2864 p17¹
332 2798 527 2883 subscriptio
550 2800 628 2865 libri
649 2799 699 2865 IV
720 2800 862 2866 formam
885 2798 1014 2864 Iuventi
1037 2799 1181 2882 praebet,

167 2887 201 2951 in
232 2887 307 2953 Mol
294 2887 459 2973 tinserip
460 2889 508 2954 tio
540 2889 618 2953 libri
648 2888 666 2953 I
697 2889 837 2954 formam
869 2887 1009 2951 Iubent''
972 2890 1011 2951 tn
1043 2889 1076 2951 et
1109 2887 1182 2953 sub

168 2975 302 3060 scriptio
329 2977 542 3060 praefationis
565 2975 710 3062 Iubenti,
737 2978 771 3041 in
794 2976 855 3057 ΜΡ
883 2975 1005 3040 subscr.
1032 2975 1109 3040 libri
1132 2974 1178 3040 IV

165 3063 307 3129 formam
316 3063 469 3131 Iuvencii.
500 3063 574 3131 Hoc
590 3086 717 3151 quoque
732 3062 885 3129 mendum
899 3064 1106 3149 perspicuum
1121 3068 1180 3148 est,

167 3174 243 3217 nam
267 3175 284 3217 e
307 3173 388 3219 voce
405 3152 539 3219 quenci
561 3154 682 3219 litteris
700 3153 890 3219 minusculis
912 3154 1035 3238 scripta
1053 3151 1181 3219 Iuventi

283 3362 349 3419 Alia
367 3362 528 3419 coniunctio
546 3362 682 3419 mendosa
700 3363 819 3419 duorum
837 3362 983 3418 nominum
1000 3360 1032 3415 in
1045 3361 1083 3433 Sp
1097 3361 1181 3417 obvia

166 3438 221 3491 est:
270 3436 343 3490 uatti
366 3433 493 3503 Aquilini
515 3435 630 3490 quenci
653 3436 683 3489 et
703 3432 734 3489 in
757 3434 825 3489 Met.
849 3433 929 3489 Sueti
951 3436 1004 3502 Aq.
1024 3430 1085 3488 siue
1103 3432 1174 3500 Iuv.;

168 3505 243 3560 sicut
259 3504 349 3560 Aulus
368 3505 475 3561 Gallim
493 3505 524 3560 in
541 3522 607 3562 mss.
626 3503 692 3560 vit.
710 3505 875 3576 ‚,Agellins“
894 3504 1063 3560 nominatur.
