2600 3934
141 96 188 161 40
567 93 678 150 LIBER
695 95 730 150 Il.

144 239 282 324 Orabat,
305 239 418 305 celeris
443 239 619 322 deposcens
642 240 729 306 dona
751 239 882 324 salutis,

143 327 194 394 Ne
217 329 308 412 prius
331 327 372 392 ed
396 327 499 395 letum
522 332 620 393 natus
643 328 831 395 traheretur
853 329 1017 395 acerbum
1106 344 1163 395 333

144 414 296 482 Christus
320 416 360 480 ed
383 415 476 480 heec:
504 414 638 502 „Signis
660 417 726 481 nisi
748 415 884 482 suadeat
907 418 1017 483 omnia
1039 418 1163 502 virtus,

143 503 221 570 Non
244 505 306 569 erit
329 505 397 573 ulla
419 504 515 588 fides3
538 505 594 570 sed
616 526 717 591 perge
740 509 773 570 et
796 505 919 590 sospite
942 506 1011 571 vite

144 592 290 658 Aedibus
313 592 348 657 in
369 592 489 658 vestris
512 593 639 658 dulcem
663 594 877 677 complectere
899 598 1024 660 natum,

143 681 205 746 His
229 680 337 746 verbis
360 681 502 746 fructum
525 703 601 747 mox
623 685 818 766 perceptura
840 682 956 747 salutis

143 769 285 835 Pulchre
306 768 387 836 fides
411 769 555 835 animum
578 771 717 835 laetenti
738 770 773 834 in
795 774 927 854 pectore
949 771 1068 836 firmet
1105 788 1163 837 340

143 858 278 942 Iamque
301 857 364 922 iter
386 858 534 944 ingresso
557 858 809 942 properantibus
831 858 930 924 obvia
953 860 1055 925 servis

144 946 271 1012 Nuntia
292 946 382 1011 ferne
403 946 493 1012 venit
514 968 678 1032 pueroque
701 947 736 1011 in
758 947 892 1013 luminis
915 969 991 1014 ores

144 1034 271 1099 Limine
294 1035 334 1100 de
357 1035 472 1100 mortis
496 1035 638 1101 subitam
662 1057 823 1100 remeasse
850 1037 996 1102 salutem.

145 1122 207 1187 Ille
229 1123 287 1188 ubi
310 1124 476 1208 cognorit,
500 1127 625 1189 certum
648 1145 837 1190 concurrere
860 1127 990 1210 tempus

55 1250 57 1260 ·
146 1210 300 1277 Serantis
324 1209 449 1277 Christi
470 1212 595 1295 verbis,
618 1233 752 1296 seseque
775 1212 970 1297 domumque
1106 1228 1165 1278 343

144 1299 313 1384 Mencipat
336 1301 501 1385 amplexus
524 1299 600 1364 fidei
622 1301 806 1365 venerabile
829 1300 958 1367 donum.

189 1387 288 1453 Forte
311 1388 380 1453 dies
404 1388 508 1473 epulis
532 1389 655 1453 multos
680 1389 862 1455 sociaverat
883 1391 972 1475 unis,
1101 1391 1105 1397 ’

144 1476 282 1543 Publica
304 1477 471 1542 conductis
495 1477 551 1560 qui
573 1477 750 1563 vectigalia
772 1478 872 1544 lucris

144 1564 292 1631 Professi
313 1565 446 1649 rapiunt
469 1564 577 1630 alieno
600 1565 732 1630 nomine
754 1566 918 1650 praedem.
947 1596 950 1597 ⁷

145 1653 217 1719 Hos
240 1675 313 1719 curn
337 1653 505 1739 discipulis
529 1653 626 1718 simul
650 1654 830 1738 eceipiebet
852 1654 955 1721 Iesus.
1107 1672 1165 1722 330
1293 1642 1294 1653 ¹

146 1741 231 1808 Ecce
253 1741 423 1806 Pharisaei
444 1743 574 1808 occulto
597 1742 833 1826 reprehendere
855 1743 938 1828 risu,

147 1829 240 1907 Quod
263 1831 346 1915 legis
370 1829 484 1895 doctor
507 1830 656 1896 convivia
679 1831 760 1896 talia
781 1831 889 1897 iniret.

95 1988 97 1993 ,
145 1917 206 1983 Ille
230 1918 286 1984 sed
309 1918 497 2002 inspiciens,
520 1917 597 2002 quid
620 1923 754 2003 pectora
777 1919 889 1985 clausa
910 1923 1071 1985 tenerent:

145 2005 259 2090 „Nom
280 2007 400 2092 inquit,
423 2006 555 2072 medicis
580 2029 661 2091 opus
685 2011 749 2092 est,
770 2008 828 2073 ubi
850 2008 949 2074 fortia
970 2010 1119 2074 membre

145 2095 347 2162 Intemerate
370 2096 459 2160 selus
483 2100 616 2181 vegetat
637 2095 769 2161 virtudis
792 2097 924 2162 honore.
1107 2113 1166 2163 333

145 2184 265 2268 Aegris
288 2184 346 2248 sed
368 2183 486 2248 merito
509 2184 670 2249 miserens
694 2185 878 2250 adhibenda
899 2185 1039 2252 medella
1061 2191 1121 2252 est.

146 2270 271 2338 Discite
293 2293 379 2338 nune
402 2272 534 2355 saltem,
557 2272 693 2349 iubeant
717 2273 796 2357 quid
818 2274 918 2339 verba
939 2275 1133 2360 prophetae:

145 2358 222 2425 Non
244 2379 306 2444 ego
328 2382 423 2425 secre
445 2360 551 2447 megis
575 2383 674 2445 quem
696 2363 791 2426 mitie
813 2366 946 2445 pectora
968 2384 1099 2447 quaero.

146 2447 239 2513 Haut
261 2448 382 2512 etenim
404 2447 509 2513 iustos
531 2449 606 2513 veni
629 2448 671 2513 ad
694 2449 817 2515 directe
839 2451 981 2536 viantes,

148 2535 211 2602 Sed
233 2557 385 2601 revocare
408 2535 513 2601 melos
536 2541 729 2619 peccantum
752 2560 771 2602 3
794 2538 900 2604 limite
923 2539 1083 2624 gressus.“
1110 2556 1166 2607 333

191 2623 277 2689 Ecce
301 2623 358 2689 sed
381 2645 555 2690 enumero
579 2626 758 2690 mirantum
780 2649 917 2693 munera
939 2626 1063 2694 Christi

146 2711 240 2777 Unus
262 2711 419 2779 Iohannis
443 2713 620 2796 quaerebat
643 2713 891 2799 discipulorum,

148 2799 214 2866 Cur
235 2801 300 2885 ipsi
323 2800 408 2887 legis
430 2800 551 2866 ieiunia
574 2800 689 2868 erebra
710 2806 860 2868 tenerent

146 2887 311 2974 Nullaque
335 2890 396 2955 sub
419 2887 551 2955 Christo
574 2889 686 2975 plebes
708 2892 830 2957 ieiunis
851 2891 961 2957 ferret.

148 2975 297 3043 Christus
321 2978 466 3044 adhaec
489 2983 604 3045 contra
625 2980 754 3063 placido
778 2980 825 3046 sic
848 3002 903 3045 ore
925 2980 1090 3065 profatur:
1109 2996 1165 3047 333

218 3120 270 3170 347
294 3114 357 3170 nnis
383 3114 456 3170 (ΡΜ
479 3116 545 3185 (dio.
564 3133 616 3172 333.
635 3120 715 3185 une),
743 3136 815 3172 unns
832 3118 861 3174 R
875 3119 940 3174 Met
960 3119 971 3188 l
993 3124 1046 3174 333
1065 3117 1167 3175 elenae
1279 3182 1282 3187 p

148 3188 258 3241 ‘seeve‘
278 3186 322 3254 0¹,
343 3201 429 3241 saeve
441 3188 451 3256 Ι
464 3191 518 3242 333
533 3187 674 3257 ‘viresqne
692 3188 847 3245 ministret‘
861 3189 975 3244 uirtutis
993 3190 1100 3245 honore
1120 3190 1164 3258 0¹,

147 3255 279 3324 viresqne
302 3256 445 3311 ministret
467 3257 533 3313 Mat
550 3257 605 3327 ΜΡ
622 3260 678 3314 die.
696 3276 749 3315 scr.
767 3261 800 3315 ia
822 3258 872 3328 V',
897 3260 1011 3315 virtutis
1033 3261 1142 3316 honore
1155 3261 1165 3332 ll

148 3331 201 3380 333
220 3325 330 3381 miseris
349 3326 470 3394 0111333,
489 3326 626 3383 miserens
640 3330 650 3396 l
663 3335 716 3384 330
734 3328 826 3385 limite
845 3330 881 3386 0¹
896 3331 963 3388 Mat
976 3331 1029 3401 Mp
1042 3331 1110 3400 Ber,
1129 3330 1164 3386 li-

147 3406 222 3484 mite
242 3431 286 3499 rr,
304 3430 402 3484 umine
