2600 3934
517 150 803 208 PROLEGOMENA.
1129 154 1169 209 Xl

155 298 253 378 (saec.
276 297 324 363 XI
347 298 400 364 vel
422 295 517 385 XH):
545 298 608 364 iste
636 297 682 362 lib
711 309 729 362 e
753 309 806 363 sce
831 299 933 363 marie
956 301 984 364 7
1008 309 1055 365 sci
1078 300 1170 365 corbi

154 388 257 471 frisig.
308 386 417 453 Codex
452 387 572 452 litteris
605 386 795 452 minusculis
828 387 969 470 scriptus
1002 387 1092 452 foliis
1125 388 1168 453 63

153 477 329 542 Iuvencum
352 497 454 561 usque
477 476 517 540 ad
540 473 589 539 IV
609 476 854 559 vascosanus,
877 475 991 541 sedin
1014 476 1168 542 extremis

153 565 242 630 foliis
279 565 377 630 tineis
413 565 529 630 misere
567 586 679 629 erosus
717 567 749 628 et
785 564 873 629 lacer
909 568 968 630 est.
1014 563 1168 640 Quamvis

154 654 289 738 scriptio
316 653 435 719 codicis
464 675 530 718 non
555 653 621 718 iam
645 653 800 718 continua
824 652 880 737 sit,
907 656 1018 718 tamen
1041 653 1169 719 librarii

150 740 242 827 (nam
265 747 333 808 tres
357 745 451 808 erant
474 744 632 826 quantum
656 739 737 826 vidi)
760 740 873 806 multis
897 741 977 806 locis
998 742 1100 808 verba
1118 744 1169 808 vel

151 853 264 896 versus
292 831 378 896 falso
395 831 625 896 ⁴distinxerunt
647 830 747 895 verba
769 834 1043 915 transposuerunt
1065 832 1169 896 multa

152 919 219 986 aha
242 920 360 985 menda
378 919 588 1004 admiserunt,
612 940 694 1004 quae
713 921 829 1004 postea
847 919 1023 983 maximam
1040 924 1168 1003 partem
1216 914 1222 923 ’

152 1031 172 1074 a
205 1008 329 1075 duobus
362 1007 599 1074 correctoribus
633 1006 804 1072 emendata
836 1011 920 1072 sunt.
966 1007 1050 1072 Tum
1083 1030 1168 1074 eom·

151 1097 270 1183 pendia
311 1097 490 1183 scripturae
529 1096 633 1161 multo
673 1095 801 1179 saepius
838 1117 935 1179 quam
971 1096 1007 1161 in
1045 1094 1087 1163 01
1122 1098 1169 1162 in·

150 1186 326 1251 veniuntur
348 1192 382 1251 et
405 1184 643 1270 orthographia
665 1185 894 1270 neglegentior
917 1188 976 1250 est.
1014 1183 1169 1269 Capitale

150 1275 245 1340 initio
265 1275 395 1359 quidem
414 1274 525 1339 littera
542 1274 565 1337 k
583 1273 619 1337 in
637 1274 786 1358 margine
803 1273 933 1356 adpicta
946 1276 980 1338 et
994 1296 1013 1337 a
1027 1275 1167 1340 secundo

152 1367 185 1429 et
217 1365 316 1429 tertio
348 1363 485 1428 librario
517 1362 629 1427 littera
662 1362 770 1446 prima
799 1362 958 1428 crassiore
987 1362 1167 1449 signantur.

150 1451 299 1537 Denique
323 1451 501 1517 auctoritas
524 1454 634 1515 textus
653 1472 719 1516 non
737 1452 833 1515 tanta
851 1454 901 1515 est
920 1472 1002 1534 quae
1021 1451 1167 1517 codicum

151 1540 194 1607 01
213 1545 246 1606 et
259 1541 300 1625 R,
318 1563 392 1606 cum
411 1560 643 1625 saepenumero
663 1561 730 1605 non
748 1540 846 1605 modo
865 1540 992 1624 glossas
1011 1540 1168 1605 inlocum

152 1631 331 1695 lectionum
367 1629 580 1715 genuinarum
616 1632 764 1712 receptas
801 1649 870 1693 esse
905 1632 1076 1713 appareat,
1113 1629 1170 1693 sed

153 1719 252 1785 etiam
280 1722 390 1784 textus
419 1718 467 1783 ita
494 1720 640 1783 mutatus
668 1718 725 1801 sit,
755 1721 792 1782 ut
819 1738 879 1802 pro
904 1717 1037 1782 vocibus
1060 1717 1168 1783 minus

154 1808 284 1873 usitatis
311 1807 458 1872 tritiores
487 1806 613 1890 positae
642 1806 724 1889 sint,
752 1827 816 1891 quo
839 1804 970 1890 planius
994 1806 1105 1871 omnia
1127 1806 1170 1871 le-

155 1900 283 1981 gantur.
320 1894 413 1972 Quod
432 1895 544 1960 multis
564 1917 603 1960 ex
622 1895 703 1959 locis
718 1894 925 1980 perspicuum
939 1898 1004 1978 est3
1023 1898 1169 1960 attamen

152 2006 221 2050 non
246 1984 432 2070 negandum
460 1989 523 2069 est,
552 1983 766 2068 archetypum
789 1982 908 2048 codicis
931 1983 977 2047 M
994 2005 1033 2047 ex
1056 1983 1169 2049 eodem

153 2073 244 2138 sonte
272 2073 415 2157 fluxisse,
448 2095 487 2138 ex
515 2094 579 2158 quo
606 2071 639 2136 R
666 2078 700 2136 et
726 2069 777 2136 0¹.
822 2070 939 2156 Itaque
967 2070 1169 2136 adfinitatem

156 2161 302 2228 codicum
329 2162 429 2227 trium
457 2159 813 2246 praestantissimorum
838 2160 901 2226 hoc
924 2162 1098 2226 stemmate
1121 2161 1170 2224 in-

116 2880 120 2885 '
153 2871 247 2936 Unde
270 2871 419 2954 efficitur,
441 2870 546 2935 tribus
569 2869 620 2935 his
640 2870 805 2936 codicibus
824 2869 975 2954 inprimis
995 2889 1077 2953 opus
1096 2889 1167 2933 esse

152 2960 195 3024 ad
217 2963 342 3025 textum
365 2960 525 3045 poematis
550 2959 670 3045 glossis
692 2961 727 3023 et
749 2957 984 3023 additamentis
1002 2956 1078 3022 hinc
1096 2956 1170 3022 inde

154 3048 368 3133 depravatum
394 3047 601 3134 purgandum
630 3051 677 3130 et,
711 3050 868 3131 quantum
890 3044 962 3110 fieri
985 3049 1108 3129 potest,
1136 3047 1171 3109 in

155 3138 319 3223 integrum
338 3137 584 3202 restituendum.
617 3133 764 3201 Secundo
783 3135 856 3200 loco
875 3134 1003 3200 codices
1023 3156 1104 3199 saec.
1122 3132 1171 3198 IX

155 3226 296 3312 ponendi
319 3229 352 3291 et
371 3226 411 3291 ad
430 3226 587 3292 lectiones
607 3223 775 3309 archetypi
794 3222 1009 3308 explorandas
1027 3223 1079 3287 vel
1098 3244 1171 3288 con-

155 3315 332 3380 firmandas
352 3315 526 3380 adhibendi
544 3319 645 3380 erant.
680 3311 882 3379 Coniecturis
900 3312 1052 3378 consulto
1072 3333 1171 3394 quam

156 3403 333 3486 plurimum
352 3404 497 3469 abstinui
515 3408 549 3468 et
565 3403 600 3467 in
618 3402 715 3467 rebus
733 3399 996 3487 orthographicis
1012 3402 1171 3483 quantum

157 3490 263 3558 facere
294 3497 445 3578 poteram
475 3491 671 3577 scripturam
698 3490 843 3556 codicum
871 3488 1172 3572 antiquissimorum
