2600 3934
521 129 724 185 vnce-241.
944 127 947 132 ’
1082 125 1125 193 8‘1
1175 195 1176 198 Ἴ

110 275 279 342 Instruere
302 278 336 339 et
357 273 508 339 flammas
530 274 644 359 pingui
667 295 860 360 componere
883 273 980 340 olivo.

110 364 197 430 Tum
221 363 360 429 stolidae
373 364 531 447 rogitant
554 363 617 428 olei
639 363 703 429 sibi
725 364 837 429 cedere
860 366 1002 447 partem,

108 452 293 518 Prudentes
317 473 425 518 secum
449 451 535 536 quod
556 454 635 517 tunc
657 457 788 536 gestare
810 451 975 517 videbant.

111 540 177 607 Sed
199 540 506 626 qnoniamsapiens
528 540 655 625 pavitat
678 541 810 624 chorus,
833 541 983 606 omnibus
1006 560 1108 625 aeque

17 639 18 644 ’
110 629 163 697 Ne
186 630 294 695 desint
316 629 424 695 clarae
445 629 626 694 nutrimina
647 629 784 714 pinguia
806 629 969 713 flammae,
1026 633 1030 642 '
1072 644 1125 693 210

111 719 163 784 Ex
186 741 288 804 parvo
312 718 454 803 aequalis
478 719 508 783 si
530 717 625 782 detur
646 719 755 801 portio
778 720 917 801 cunctis,

111 808 197 874 Tum
220 811 363 893 pergunt
385 808 519 891 stultae,
542 806 702 890 liquidum
725 809 908 871 mercentur
931 805 1063 872 olivum.

112 896 201 961 Dum
224 899 379 982 pergunt,
401 895 509 960 laetae
531 898 758 960 transcurrunt
781 894 891 959 omnia
912 912 1051 979 pompae

111 985 158 1052 Et
182 1006 302 1070 sponso
326 987 454 1050 tantum
477 984 654 1049 comitetur
675 983 776 1049 factio
799 983 950 1069 prudens.

113 1074 303 1139 Adveniunt
324 1074 440 1138 brutae
462 1094 536 1138 sero
559 1075 635 1157 post
657 1076 806 1155 tempore
830 1092 944 1157 segnes
1075 1085 1127 1136 220

114 1163 161 1228 Εο
183 1162 296 1248 sponsi
319 1162 450 1245 pulsare
472 1160 560 1226 fores
583 1165 616 1225 et
638 1160 754 1226 limina
776 1161 887 1225 clausa
945 1209 949 1218 .

113 1251 319 1336 Nequiquam
328 1250 534 1335 ingeminant
543 1250 758 1334 precibusque
766 1248 1128 1335 ingratafreqnentant,

113 1340 162 1406 Ut
184 1339 282 1405 liceat
301 1339 433 1405 'miseris
456 1342 627 1425 penetrare
649 1338 684 1403 in
707 1339 823 1403 limina
844 1339 941 1402 loeta.

112 1429 196 1494 Illas
220 1450 286 1493 non
309 1428 465 1494 comitum
489 1428 601 1512 sponsi
624 1448 817 1512 cognoscere
841 1426 1013 1512 quisquam

114 1516 192 1583 Non
214 1516 284 1602 ipse
307 1538 445 1602 sponsus
468 1515 582 1586 voluit.
618 1515 766 1603 Vigilate
787 1515 955 1600 timentes,
1062 1515 1127 1580 ’220

114 1606 286 1672 Adventus
308 1605 401 1670 vobis
424 1605 510 1690 quod
531 1626 598 1670 non
621 1608 673 1669 est
694 1604 815 1670 certior
838 1603 947 1669 hora“

114 1693 282 1849 eddi
295 1691 772 1848 ttetZ'ttdtttdt
792 1691 1011 1845 0001000

115 1871 181 1938 Uni
204 1834 344 1957 quinque
368 1871 469 1954 dedit,
493 1870 556 1935 duo
580 1870 667 1954 cepit
690 1874 723 1936 00
746 1870 830 1948 alter
852 1868 1012 1953 habenda,

115 1960 246 2027 Tertius
269 1959 364 2025 unius
388 1981 499 2025 curam
522 1962 664 2025 tractare
685 1958 804 2023 talenti
1076 1972 1128 2023 230

115 2047 279 2134 Suscepit,
299 2048 385 2114 vires
409 2046 564 2132 quoniam
587 2047 715 2113 diversa
737 2049 910 2111 merentur.
1005 2089 1009 2098 ι

116 2137 181 2203 Sed
203 2139 308 2203 maior
330 2136 403 2221 quis
426 2140 477 2201 est
499 2137 687 2201 concredita
709 2136 817 2219 portio
840 2133 992 2219 nummi,'

115 2225 276 2293 Certatim
299 2226 406 2312 duplis
430 2229 590 2291 auxerunt
612 2224 831 2289 incrementis.

17 2319 18 2324 ’
113 2316 175 2381 Ille
199 2315 268 2400 sed,
291 2315 386 2380 nnius
410 2314 462 2379 oui
485 2314 608 2379 credita
630 2333 708 2378 cura
730 2313 862 2395 talenti,

117 2404 242 2469 Telluri
264 2403 559 2468 infodiensservat
582 2403 652 2467 sine
674 2401 834 2467 fructibus
858 2420 942 2466 aera.
1076 2414 1129 2465 200

71 2549 74 2556 .
114 2492 250 2577 Iamque
273 2492 386 2557 aderat
403 2512 556 2576 praesens
575 2490 740 2556 dominns:
762 2495 833 2555 tum
850 2489 976 2573 primus
994 2491 1028 2553 et
1046 2489 1131 2553 alter

117 2580 157 2647 Se
181 2581 365 2667 geminasse
387 2579 439 2644 illi
461 2581 584 2664 pariter
607 2579 794 2645 concredita
815 2580 1009 2643 monstrant

115 2669 197 2736 Illos
220 2670 333 2735 laudat
355 2670 453 2734 herus
475 2669 669 2754 potioraque
692 2667 822 2733 credere
843 2670 956 2734 tantae

116 2758 289 2824 Promittit
311 2757 396 2823 fidei
433 2755 496 2822 Sed
519 2757 635 2822 tertius
659 2757 717 2821 ille
739 2755 858 2820 refodit

114 2848 161 2913 Et
184 2847 316 2913 domino
339 2846 445 2911 reddit
467 2846 529 2911 tali
552 2867 627 2911 oum
648 2866 728 2911 voce
750 2844 924 2909 talentum:
1077 2856 1130 2907 240

117 2935 210 3013 Quod
234 2935 369 3001 scibam*
382 2935 512 3001 domino
537 2936 658 2999 memet
681 2933 802 2998 servire
824 2949 953 3014 severo,

186 3062 239 3112 212
259 3073 368 3112 sumere
386 3055 542 3127 30111215
561 3071 665 3125 parvae
684 3054 777 3124 Rmu
791 3059 842 3108 219
862 3069 996 3123 sponsum
1013 3051 1130 3123 1011222

115 3127 315 3197 000ᾳηὶξοοω
334 3127 472 3197 0110100
492 3128 608 3196 niqnem
628 3127 667 3181 M
684 3127 695 3195 ΙΙ
717 3130 770 3180 230
789 3124 901 3199 Tertius
919 3126 950 3177 ct
967 3122 1050 3177 nnius
1070 3122 1105 3178 0¹
1121 3122 1132 3195 ss

114 3205 167 3256 230
191 3201 276 3269 inque
301 3200 450 3255 momentis
525 3199 565 3267 (in
576 3196 643 3270 odim
654 3196 804 3253 crementis
829 3196 878 3264 Μ)
897 3193 994 3250 ΑΚΒ
1004 3194 1057 3263 Mp
1070 3192 1131 3250 Met

114 3270 203 3338 Add¹,
221 3287 339 3325 munera
357 3271 438 3325 donis
456 3268 685 3337 LMot0⁸Bor,
704 3269 759 3323 dio.
778 3283 829 3321 ser.
848 3268 880 3320 in
899 3266 927 3321 B
940 3268 950 3348 ῃ
964 3271 1016 3320 230
1036 3264 1134 3319 condit

115 3341 204 3411 w,
221 3357 335 3398 servans
353 3341 381 3395 R
392 3342 459 3396 Mat
467 3341 507 3412 Sy
518 3343 529 3411 n
542 3345 594 3395 241
614 3338 739 3395 sciebam
758 3337 796 3392 M
801 3335 889 3407 AM',
908 3336 1033 3402 00ξοοω
1049 3336 1075 3390 -Τ
1083 3335 1133 3406 Sy,

115 3411 223 3467 scibam
241 3413 275 3467 K
278 3412 366 3480 Add¹‚
386 3413 486 3468 scirem
505 3413 598 3482 (etiam
616 3412 647 3465 tn
664 3414 767 3480 quaest.
785 3424 900 3481 prorum.
918 3409 976 3464 cod.
995 3406 1080 3462 Bora
1094 3409 1134 3463 83

114 3484 192 3553 0000
210 3483 348 3556 Kaiium,
367 3481 488 3540 drumm.
505 3484 565 3538 tao.
588 3481 636 3539 VI
649 3480 823 3551 p.166,29)
