2600 3934
196 191 239 276 68
613 184 725 240 LIBER
742 183 789 238 ΠΙ.

198 334 380 402 scandatur
402 333 465 396 tibi
489 352 628 417 summa,
653 329 779 415 Simon,
801 329 984 412 hamusque
1006 325 1169 413 profundo

197 422 343 491 Stamina
368 426 511 508 setarum
533 441 674 488 conexus
696 418 936 505 praecipitetur.

196 511 351 578 Haeserit
374 514 407 574 et
430 531 528 574 curvo
553 507 610 593 qui
631 508 756 596 primus
779 505 927 572 acumine
949 505 1062 591 piscis,

196 600 303 666 Huius
326 597 512 685 pandantur
535 597 628 662 scissi
650 595 834 682 penetralia
855 595 993 678 ventris3

197 689 270 755 Illic
291 689 462 770 inventum
484 685 603 769 duplex
625 685 767 750 dissolve
789 682 978 748 tributum.“
1162 695 1214 747 000

242 763 406 864 Discipuli
427 782 503 859 post
525 774 600 840 inde
622 778 754 859 rogant,
778 772 850 858 quis
873 773 1035 838 maximus
1058 771 1129 836 alto

197 866 238 933 In
261 865 343 931 caeli
364 885 466 954 reguo
490 863 615 928 meritis
638 885 700 946 pro
724 861 875 947 qualibus
899 863 1018 942 esset
1287 923 1288 946 ἶ

199 955 283 1020 Tum
306 952 458 1032 Christus
481 951 587 1017 medio
610 974 749 1037 puerum
770 950 950 1028 consistere
973 952 1067 1015 coetu

197 1042 362 1127 Praecipit
385 1044 419 1107 et
440 1040 570 1126 placido
594 1041 707 1106 doctor
730 1060 878 1108 sermone
899 1036 1063 1123 profatur:
1287 1057 1288 1098 l

199 1131 362 1217 „Quisque
385 1130 475 1218 cupit
497 1128 620 1196 celsam
641 1129 723 1194 caeli
746 1126 960 1194 conscendere
984 1126 1106 1210 sedem,
1163 1140 1216 1190 400
1287 1115 1288 1206 l

200 1220 301 1286 Istius
326 1242 367 1284 en
388 1218 482 1308 pueri
505 1218 648 1284 similem
672 1216 876 1282 semoribus
900 1219 1001 1300 aptet.

198 1308 331 1375 Erroris
354 1308 490 1392 laqueos
515 1306 630 1372 saeclis
654 1306 832 1378 increscere
855 1307 981 1374 certum
1004 1309 1067 1388 est,

200 1397 396 1464 sedamen
419 1377 547 1479 infelix,
570 1417 628 1480 per
652 1416 747 1479 quem
770 1393 981 1480 generabitur
1003 1414 1103 1458 error.

199 1485 262 1562 Qui
283 1507 361 1551 vero
385 1507 403 1549 e
424 1483 535 1568 parvis
558 1483 632 1549 istis
656 1482 817 1567 deceperit
839 1481 957 1564 ullum,
1287 1549 1288 1558 ,

203 1573 616 1658 suspiciunculam
640 1594 700 1637 sua
723 1570 948 1638 collamolari
1167 1584 1217 1635 400

198 1662 479 1748 Praecipitemque
503 1660 606 1726 maris
628 1683 699 1725 sese
721 1660 881 1725 iaculetur
903 1660 938 1723 in
960 1659 1072 1724 undas.

199 1750 268 1817 Nec
292 1752 464 1835 quisquam
487 1749 577 1816 fastu
599 1771 719 1835 parvos
742 1748 976 1833 contempserit
998 1748 1117 1813 istos*

198 1839 325 1905 Horum
349 1838 500 1906 custodes
523 1838 658 1904 caelesti
680 1839 716 1908 in
740 1837 814 1910 sede
837 1840 972 1903 tuentur

198 1927 384 1993 Altithroni
405 1927 535 1993 vultum
557 1923 715 2013 genitoris
739 1926 846 1991 sidera
869 1947 978 2010 supra.

201 2015 266 2083 Sed
289 2017 317 2081 si
340 2017 412 2101 quis
435 2019 559 2104 pastor,
582 2016 635 2088 cui
657 2037 781 2100 pascua
803 2014 928 2079 credita
950 2014 1088 2082 tondent
1166 2029 1217 2082 410

199 2103 339 2171 (lentum
362 2106 527 2188 balanitae,
549 2126 649 2173 unam
673 2127 747 2171 cum
769 2104 855 2169 forte
879 2125 1026 2169 seorsum

199 2192 338 2260 Nescius
362 2216 452 2259 error
474 2193 589 2279 habet,
613 2193 781 2278 quaesitor
804 2192 925 2260 deserit
948 2213 1059 2260 omncs

199 2282 306 2348 Unius
330 2285 362 2347 et
384 2282 464 2348 totis
488 2282 610 2348 lustrat
633 2282 775 2368 uestigia
798 2281 905 2365 silvis,

200 2372 299 2436 Illam
322 2372 350 2435 si
373 2392 493 2457 magno
515 2371 623 2455 possit
645 2371 788 2455 reperire
810 2370 940 2454 labore,
1287 2399 1288 2424 1

201 2459 344 2525 Laetitia
367 2458 518 2524 inventae
540 2460 645 2524 maior
669 2464 741 2524 tum
763 2458 908 2524 nascitur
931 2480 1048 2544 agnae,
1167 2474 1219 2524 410
1287 2525 1288 2528 ,

202 2548 307 2625 Quam
329 2569 389 2634 pro
413 2550 604 2613 cunctarum
626 2569 776 2632 numero,
800 2547 885 2632 quod
908 2548 999 2613 nulla
1022 2548 1152 2613 resedit.
1287 2553 1288 2562 ’

140 2713 143 2720 ,
200 2637 253 2702 Ex
276 2635 349 2700 istis
372 2636 492 2720 parvis‘
505 2637 635 2722 genitor
659 2638 705 2702 sio
728 2636 861 2721 perdere
885 2659 1081 2722 quemquam

200 2725 278 2792 Non
300 2725 426 2809 patitur
449 2724 633 2812 gaudetque
657 2727 724 2792 suis
747 2726 925 2791 increscere
949 2724 1088 2811 regnis.“

201 2812 1094 2989 calliilidiiPidiiii'icdiiiiiiiiiiiffl*¹¹³²
1166 2901 1241 2969 420·

322 2952 331 2988 ,
963 2953 970 2969 .

202 2990 238 3056 si
260 2996 318 3056 tua
341 2992 514 3058 verborum
537 2993 666 3077 patiens
689 2993 912 3059 moderamina
933 2992 1061 3076 laudat,

273 3184 347 3239 inter
366 3190 419 3239 304
437 3191 462 3241 et
480 3190 532 3240 395
550 3186 656 3243 incerta
673 3191 741 3240 sant
757 3187 837 3241 hacc:
855 3185 1224 3256 Imventumquedragmum

202 3253 279 3310 illius
303 3253 361 3309 iliis
381 3256 487 3324 apertis
518 3255 619 3312 Prome
638 3258 669 3310 et
686 3258 716 3310 te
735 3255 816 3311 illum
834 3257 921 3330 prebe
939 3256 1122 3327 poscentibus
1140 3273 1223 3310 num·

203 3341 281 3378 mum
300 3326 338 3378 M
355 3326 398 3394 (ia
416 3342 502 3396 scarp.
523 3326 616 3397 0²T);
631 3329 734 3397 priora
752 3330 834 3383 ctiam
851 3329 884 3383 ia
902 3328 1015 3384 0⁸Bod
1028 3329 1038 3398 fl
1051 3333 1105 3383 400
1123 3333 1149 3382 et
1168 3333 1223 3381 401
1287 3347 1288 3370 1

203 3396 427 3450 transmutatiM
442 3398 452 3463 ΙΙ
465 3402 517 3448 401
537 3396 581 3450 En
598 3398 722 3452 huius—
733 3415 762 3452 se
781 3399 887 3468 fingere
906 3401 996 3454 certet
1019 3398 1130 3454 V¹Mot
1143 3398 1154 3467 l
1168 3402 1224 3453 416
1287 3403 1288 3438 3

203 3465 310 3545 recedit
329 3464 531 3533 O⁸BodMetll
553 3473 606 3520 419
623 3468 738 3537 proprio
759 3471 797 3522 M
800 3469 865 3524 “R
884 3472 894 3539 11
916 3476 969 3524 420
988 3471 1128 3530 secretom
1147 3485 1220 3525 corr.

204 3549 236 3586 ea
255 3535 392 3589 secretum
411 3535 454 3601 0¹,
475 3538 605 3591 secretim
628 3538 749 3606 wne,
768 3540 883 3595 secretis
901 3537 972 3595 ΒΟ3
