<?xml version="1.0" encoding="UTF-8"?>
<!DOCTYPE html PUBLIC "-//W3C//DTD XHTML 1.0 Transitional//EN"
    "http://www.w3.org/TR/xhtml1/DTD/xhtml1-transitional.dtd">
<html xmlns="http://www.w3.org/1999/xhtml" xml:lang="en" lang="en">
 <head>
  <title>
</title>
<meta http-equiv="Content-Type" content="text/html;charset=utf-8" />
  <meta name='ocr-system' content='tesseract 3.04.00' />
  <meta name='ocr-capabilities' content='ocr_page ocr_carea ocr_par ocr_line ocrx_word'/>
</head>
<body>
  <div class='ocr_page' id='page_1' title='image "./cvettiaquilinii01marogoog_0130.png"; bbox 0 0 2600 3934; ppageno 0'>
   <div class='ocr_carea' id='block_1_1' title="bbox 163 169 755 236">
    <p class='ocr_par' dir='ltr' id='par_1_1' title="bbox 163 169 755 236">
     <span class='ocr_line' id='line_1_1' title="bbox 163 169 755 236; baseline -0.005 -8"><span class='ocrx_word' id='word_1_1' title='bbox 163 171 206 236; x_wconf 86' lang='grc'>96</span> <span class='ocrx_word' id='word_1_2' title='bbox 580 169 691 225; x_wconf 80' lang='lat' dir='ltr'><strong>LIBER</strong></span> <span class='ocrx_word' id='word_1_3' title='bbox 708 170 755 225; x_wconf 83' lang='grc' dir='ltr'>Ν.</span> 
     </span>
    </p>
   </div>
   <div class='ocr_carea' id='block_1_2' title="bbox 160 314 1182 3239">
    <p class='ocr_par' dir='ltr' id='par_1_2' title="bbox 161 314 914 398">
     <span class='ocr_line' id='line_1_2' title="bbox 161 314 914 398; baseline -0.001 -17"><span class='ocrx_word' id='word_1_4' title='bbox 161 314 292 381; x_wconf 87' lang='lat' dir='ltr'>Invenit</span> <span class='ocrx_word' id='word_1_5' title='bbox 314 316 348 380; x_wconf 89' lang='lat' dir='ltr'>et</span> <span class='ocrx_word' id='word_1_6' title='bbox 369 336 482 379; x_wconf 89' lang='lat' dir='ltr'>rursus</span> <span class='ocrx_word' id='word_1_7' title='bbox 505 314 591 380; x_wconf 88' lang='lat' dir='ltr'>idern</span> <span class='ocrx_word' id='word_1_8' title='bbox 615 314 761 398; x_wconf 87' lang='lat' dir='ltr'>genitore</span> <span class='ocrx_word' id='word_1_9' title='bbox 783 317 914 398; x_wconf 83' lang='lat' dir='ltr'>precato</span> 
     </span>
    </p>

    <p class='ocr_par' dir='ltr' id='par_1_3' title="bbox 163 403 933 489">
     <span class='ocr_line' id='line_1_3' title="bbox 163 403 933 489; baseline 0 -20"><span class='ocrx_word' id='word_1_10' title='bbox 163 404 361 489; x_wconf 85' lang='lat' dir='ltr'>Adloquitur</span> <span class='ocrx_word' id='word_1_11' title='bbox 383 403 471 470; x_wconf 89' lang='lat' dir='ltr'>fesso</span> <span class='ocrx_word' id='word_1_12' title='bbox 494 424 595 468; x_wconf 83' lang='lat' dir='ltr'>nexos</span> <span class='ocrx_word' id='word_1_13' title='bbox 618 403 777 489; x_wconf 89' lang='lat' dir='ltr'>languore</span> <span class='ocrx_word' id='word_1_14' title='bbox 801 404 933 487; x_wconf 89' lang='lat' dir='ltr'>quietis:</span> 
     </span>
    </p>

    <p class='ocr_par' dir='ltr' id='par_1_4' title="bbox 162 491 1038 577">
     <span class='ocr_line' id='line_1_4' title="bbox 162 491 1038 577; baseline -0.001 -18"><span class='ocrx_word' id='word_1_15' title='bbox 162 493 256 577; x_wconf 88' lang='lat' dir='ltr'>„Iam</span> <span class='ocrx_word' id='word_1_16' title='bbox 278 492 419 558; x_wconf 90' lang='lat' dir='ltr'>dormire</span> <span class='ocrx_word' id='word_1_17' title='bbox 442 493 520 557; x_wconf 87' lang='lat' dir='ltr'>licet</span> <span class='ocrx_word' id='word_1_18' title='bbox 542 493 712 576; x_wconf 89' lang='lat' dir='ltr'>sociosque</span> <span class='ocrx_word' id='word_1_19' title='bbox 735 491 875 557; x_wconf 84' lang='lat' dir='ltr'>revisere</span> <span class='ocrx_word' id='word_1_20' title='bbox 898 495 1038 576; x_wconf 82' lang='lat' dir='ltr'>vestros,</span> 
     </span>
    </p>

    <p class='ocr_par' dir='ltr' id='par_1_5' title="bbox 162 580 1147 668">
     <span class='ocr_line' id='line_1_5' title="bbox 162 580 1147 668; baseline 0.002 -22"><span class='ocrx_word' id='word_1_21' title='bbox 162 581 249 647; x_wconf 89' lang='lat' dir='ltr'>Nam</span> <span class='ocrx_word' id='word_1_22' title='bbox 273 581 362 647; x_wconf 87' lang='lat' dir='ltr'>venit</span> <span class='ocrx_word' id='word_1_23' title='bbox 386 602 472 665; x_wconf 86' lang='lat' dir='ltr'>ecce,</span> <span class='ocrx_word' id='word_1_24' title='bbox 495 602 603 645; x_wconf 90' lang='lat' dir='ltr'>meum</span> <span class='ocrx_word' id='word_1_25' title='bbox 627 581 684 665; x_wconf 91' lang='lat' dir='ltr'>qui</span> <span class='ocrx_word' id='word_1_26' title='bbox 706 580 803 645; x_wconf 87' lang='lat' dir='ltr'>dedat</span> <span class='ocrx_word' id='word_1_27' title='bbox 825 581 860 645; x_wconf 94' lang='lat' dir='ltr'>in</span> <span class='ocrx_word' id='word_1_28' title='bbox 883 582 993 646; x_wconf 87' lang='lat' dir='ltr'>omnia</span> <span class='ocrx_word' id='word_1_29' title='bbox 1015 603 1147 668; x_wconf 87' lang='lat' dir='ltr'>corpus,</span> 
     </span>
    </p>

    <p class='ocr_par' dir='ltr' id='par_1_6' title="bbox 164 669 1179 754">
     <span class='ocr_line' id='line_1_6' title="bbox 164 669 1179 754; baseline 0.003 -20"><span class='ocrx_word' id='word_1_30' title='bbox 164 671 253 748; x_wconf 82' lang='lat' dir='ltr'>Quae</span> <span class='ocrx_word' id='word_1_31' title='bbox 276 671 439 735; x_wconf 87' lang='lat' dir='ltr'>maculata</span> <span class='ocrx_word' id='word_1_32' title='bbox 460 669 541 734; x_wconf 90' lang='lat' dir='ltr'>meis</span> <span class='ocrx_word' id='word_1_33' title='bbox 563 669 701 754; x_wconf 77' lang='lat' dir='ltr'><strong>inponet</strong></span> <span class='ocrx_word' id='word_1_34' title='bbox 723 669 824 735; x_wconf 84' lang='lat' dir='ltr'>factio</span> <span class='ocrx_word' id='word_1_35' title='bbox 847 670 1031 735; x_wconf 88' lang='lat' dir='ltr'>membris.“</span> <span class='ocrx_word' id='word_1_36' title='bbox 1087 696 1096 717; x_wconf 78' lang='lat'>.</span> <span class='ocrx_word' id='word_1_37' title='bbox 1125 685 1179 737; x_wconf 76' lang='lat'>⁶10</span> 
     </span>
    </p>

    <p class='ocr_par' dir='ltr' id='par_1_7' title="bbox 163 757 976 841">
     <span class='ocr_line' id='line_1_7' title="bbox 163 757 976 841; baseline -0.002 -16"><span class='ocrx_word' id='word_1_38' title='bbox 163 757 246 825; x_wconf 90' lang='lat' dir='ltr'>Cum</span> <span class='ocrx_word' id='word_1_39' title='bbox 269 758 355 825; x_wconf 90' lang='lat' dir='ltr'>dicto</span> <span class='ocrx_word' id='word_1_40' title='bbox 378 758 476 823; x_wconf 90' lang='lat' dir='ltr'>Iudas</span> <span class='ocrx_word' id='word_1_41' title='bbox 499 780 634 823; x_wconf 87' lang='lat' dir='ltr'>numero</span> <span class='ocrx_word' id='word_1_42' title='bbox 661 758 803 841; x_wconf 73' lang='lat' dir='ltr'><strong>stipante</strong></span> <span class='ocrx_word' id='word_1_43' title='bbox 827 761 976 824; x_wconf 87' lang='lat' dir='ltr'>catervae</span> 
     </span>
    </p>

    <p class='ocr_par' dir='ltr' id='par_1_8' title="bbox 161 846 960 931">
     <span class='ocr_line' id='line_1_8' title="bbox 161 846 960 931; baseline 0 -18"><span class='ocrx_word' id='word_1_44' title='bbox 161 847 305 913; x_wconf 78' lang='lat' dir='ltr'>Advenit</span> <span class='ocrx_word' id='word_1_45' title='bbox 328 847 611 931; x_wconf 87' lang='lat' dir='ltr'>procerumiussu</span> <span class='ocrx_word' id='word_1_46' title='bbox 633 846 811 931; x_wconf 81' lang='lat' dir='ltr'>populique</span> <span class='ocrx_word' id='word_1_47' title='bbox 832 847 960 913; x_wconf 86' lang='lat' dir='ltr'>ferocis.</span> 
     </span>
    </p>

    <p class='ocr_par' dir='ltr' id='par_1_9' title="bbox 162 935 1058 1021">
     <span class='ocr_line' id='line_1_9' title="bbox 162 935 1058 1021; baseline 0 -20"><span class='ocrx_word' id='word_1_48' title='bbox 162 935 243 1001; x_wconf 89' lang='lat' dir='ltr'>Pars</span> <span class='ocrx_word' id='word_1_49' title='bbox 268 936 391 1001; x_wconf 89' lang='lat' dir='ltr'>strictis</span> <span class='ocrx_word' id='word_1_50' title='bbox 415 935 534 1021; x_wconf 80' lang='lat' dir='ltr'>gladiis</span> <span class='ocrx_word' id='word_1_51' title='bbox 557 957 633 1020; x_wconf 85' lang='lat' dir='ltr'>pars</span> <span class='ocrx_word' id='word_1_52' title='bbox 656 936 760 1000; x_wconf 88' lang='lat' dir='ltr'>fidens</span> <span class='ocrx_word' id='word_1_53' title='bbox 782 936 923 1020; x_wconf 91' lang='lat' dir='ltr'>pondere</span> <span class='ocrx_word' id='word_1_54' title='bbox 946 935 1058 1002; x_wconf 85' lang='lat' dir='ltr'>clavae</span> 
     </span>
    </p>

    <p class='ocr_par' dir='ltr' id='par_1_10' title="bbox 163 1022 959 1111">
     <span class='ocr_line' id='line_1_10' title="bbox 163 1022 959 1111; baseline 0.001 -22"><span class='ocrx_word' id='word_1_55' title='bbox 163 1022 266 1111; x_wconf 82' lang='lat' dir='ltr'>Signa</span> <span class='ocrx_word' id='word_1_56' title='bbox 289 1025 483 1109; x_wconf 74' lang='lat' dir='ltr'>sequebatur</span> <span class='ocrx_word' id='word_1_57' title='bbox 504 1022 605 1088; x_wconf 86' lang='lat' dir='ltr'>Iudae</span> <span class='ocrx_word' id='word_1_58' title='bbox 626 1023 790 1108; x_wconf 88' lang='lat' dir='ltr'>promissa</span> <span class='ocrx_word' id='word_1_59' title='bbox 811 1024 959 1091; x_wconf 84' lang='lat' dir='ltr'>furentis.</span> 
     </span>
    </p>

    <p class='ocr_par' dir='ltr' id='par_1_11' title="bbox 162 1112 1180 1199">
     <span class='ocr_line' id='line_1_11' title="bbox 162 1112 1180 1199; baseline 0.001 -21"><span class='ocrx_word' id='word_1_60' title='bbox 162 1112 282 1179; x_wconf 78' lang='lat' dir='ltr'>Oscula</span> <span class='ocrx_word' id='word_1_61' title='bbox 304 1135 381 1177; x_wconf 90' lang='lat' dir='ltr'>nam</span> <span class='ocrx_word' id='word_1_62' title='bbox 404 1112 532 1198; x_wconf 90' lang='lat' dir='ltr'>pepigit</span> <span class='ocrx_word' id='word_1_63' title='bbox 555 1133 624 1177; x_wconf 88' lang='lat' dir='ltr'>sese</span> <span class='ocrx_word' id='word_1_64' title='bbox 649 1112 837 1199; x_wconf 84' lang='lat' dir='ltr'>contingere</span> <span class='ocrx_word' id='word_1_65' title='bbox 860 1112 1000 1199; x_wconf 79' lang='lat' dir='ltr'>Christi,</span> <span class='ocrx_word' id='word_1_66' title='bbox 1125 1128 1180 1180; x_wconf 75' lang='lat' dir='ltr'>olo</span> 
     </span>
    </p>

    <p class='ocr_par' dir='ltr' id='par_1_12' title="bbox 162 1200 1045 1288">
     <span class='ocr_line' id='line_1_12' title="bbox 162 1200 1045 1288; baseline 0 -22"><span class='ocrx_word' id='word_1_67' title='bbox 162 1201 234 1278; x_wconf 81' lang='lat' dir='ltr'>Quo</span> <span class='ocrx_word' id='word_1_68' title='bbox 256 1200 354 1267; x_wconf 83' lang='lat' dir='ltr'>facile</span> <span class='ocrx_word' id='word_1_69' title='bbox 377 1201 528 1287; x_wconf 85' lang='lat' dir='ltr'>ignotum</span> <span class='ocrx_word' id='word_1_70' title='bbox 551 1204 683 1285; x_wconf 87' lang='lat' dir='ltr'>caperet</span> <span class='ocrx_word' id='word_1_71' title='bbox 706 1202 894 1267; x_wconf 86' lang='lat' dir='ltr'>miserabile</span> <span class='ocrx_word' id='word_1_72' title='bbox 917 1202 1045 1288; x_wconf 84' lang='lat' dir='ltr'>vulgus.</span> 
     </span>
    </p>

    <p class='ocr_par' dir='ltr' id='par_1_13' title="bbox 161 1289 1039 1374">
     <span class='ocr_line' id='line_1_13' title="bbox 161 1289 1039 1374; baseline 0 -19"><span class='ocrx_word' id='word_1_73' title='bbox 161 1290 223 1356; x_wconf 91' lang='lat' dir='ltr'>Ille</span> <span class='ocrx_word' id='word_1_74' title='bbox 245 1291 302 1355; x_wconf 88' lang='lat' dir='ltr'>ubi</span> <span class='ocrx_word' id='word_1_75' title='bbox 326 1289 534 1356; x_wconf 85' lang='lat' dir='ltr'>dissimulans</span> <span class='ocrx_word' id='word_1_76' title='bbox 557 1289 680 1354; x_wconf 85' lang='lat' dir='ltr'>blanda</span> <span class='ocrx_word' id='word_1_77' title='bbox 702 1312 776 1356; x_wconf 89' lang='lat' dir='ltr'>cum</span> <span class='ocrx_word' id='word_1_78' title='bbox 797 1290 1039 1374; x_wconf 79' lang='lat' dir='ltr'>voce-salutat,</span> 
     </span>
    </p>

    <p class='ocr_par' dir='ltr' id='par_1_14' title="bbox 162 1377 876 1463">
     <span class='ocr_line' id='line_1_14' title="bbox 162 1377 876 1463; baseline 0 -19"><span class='ocrx_word' id='word_1_79' title='bbox 162 1377 288 1463; x_wconf 87' lang='lat' dir='ltr'>Attigit</span> <span class='ocrx_word' id='word_1_80' title='bbox 310 1383 344 1444; x_wconf 91' lang='lat' dir='ltr'>et</span> <span class='ocrx_word' id='word_1_81' title='bbox 366 1379 463 1443; x_wconf 88' lang='lat' dir='ltr'>labiis</span> <span class='ocrx_word' id='word_1_82' title='bbox 486 1378 565 1443; x_wconf 89' lang='lat' dir='ltr'>iusti</span> <span class='ocrx_word' id='word_1_83' title='bbox 587 1379 783 1444; x_wconf 85' lang='lat' dir='ltr'>venerabilis</span> <span class='ocrx_word' id='word_1_84' title='bbox 806 1400 876 1461; x_wconf 85' lang='lat' dir='ltr'>ora,</span> 
     </span>
    </p>

    <p class='ocr_par' dir='ltr' id='par_1_15' title="bbox 162 1465 1011 1552">
     <span class='ocr_line' id='line_1_15' title="bbox 162 1465 1011 1552; baseline -0.002 -18"><span class='ocrx_word' id='word_1_85' title='bbox 162 1465 326 1534; x_wconf 73' lang='lat' dir='ltr'>Continuo</span> <span class='ocrx_word' id='word_1_86' title='bbox 350 1465 515 1536; x_wconf 87' lang='lat' dir='ltr'>Christus:</span> <span class='ocrx_word' id='word_1_87' title='bbox 537 1466 676 1552; x_wconf 81' lang='lat' dir='ltr'>„Totum</span> <span class='ocrx_word' id='word_1_88' title='bbox 700 1468 861 1552; x_wconf 88' lang='lat' dir='ltr'>complere</span> <span class='ocrx_word' id='word_1_89' title='bbox 884 1467 1011 1552; x_wconf 88' lang='lat' dir='ltr'>licebit,</span> 
     </span>
    </p>

    <p class='ocr_par' dir='ltr' id='par_1_16' title="bbox 161 1554 1182 1641">
     <span class='ocr_line' id='line_1_16' title="bbox 161 1554 1182 1641; baseline 0.002 -21"><span class='ocrx_word' id='word_1_90' title='bbox 161 1555 236 1622; x_wconf 89' lang='lat' dir='ltr'>Huc</span> <span class='ocrx_word' id='word_1_91' title='bbox 257 1556 386 1622; x_wconf 82' lang='lat' dir='ltr'>venisse</span> <span class='ocrx_word' id='word_1_92' title='bbox 409 1559 467 1621; x_wconf 90' lang='lat' dir='ltr'>tuo</span> <span class='ocrx_word' id='word_1_93' title='bbox 491 1578 711 1641; x_wconf 85' lang='lat' dir='ltr'>quaecumque</span> <span class='ocrx_word' id='word_1_94' title='bbox 735 1560 786 1621; x_wconf 90' lang='lat' dir='ltr'>est</span> <span class='ocrx_word' id='word_1_95' title='bbox 807 1578 905 1622; x_wconf 86' lang='lat' dir='ltr'>causa</span> <span class='ocrx_word' id='word_1_96' title='bbox 928 1554 1076 1641; x_wconf 86' lang='lat' dir='ltr'>paratu.“</span> <span class='ocrx_word' id='word_1_97' title='bbox 1126 1572 1182 1622; x_wconf 75' lang='lat'>520</span> 
     </span>
    </p>

    <p class='ocr_par' dir='ltr' id='par_1_17' title="bbox 161 1641 1090 1819">
     <span class='ocr_line' id='line_1_17' title="bbox 161 1641 1090 1729; baseline 0.001 -20"><span class='ocrx_word' id='word_1_98' title='bbox 161 1643 303 1711; x_wconf 78' lang='lat' dir='ltr'>iniecere</span> <span class='ocrx_word' id='word_1_99' title='bbox 326 1667 459 1710; x_wconf 90' lang='lat' dir='ltr'>manum</span> <span class='ocrx_word' id='word_1_100' title='bbox 481 1646 599 1710; x_wconf 86' lang='lat' dir='ltr'>turbae</span> <span class='ocrx_word' id='word_1_101' title='bbox 623 1641 853 1729; x_wconf 65' lang='lat' dir='ltr'>Christumque</span> <span class='ocrx_word' id='word_1_102' title='bbox 876 1645 1090 1729; x_wconf 89' lang='lat' dir='ltr'>prehendunt.</span> 
     </span>
     <span class='ocr_line' id='line_1_18' title="bbox 206 1733 1002 1819; baseline 0.001 -21"><span class='ocrx_word' id='word_1_103' title='bbox 206 1733 297 1798; x_wconf 70' lang='lat' dir='ltr'>limo</span> <span class='ocrx_word' id='word_1_104' title='bbox 320 1756 338 1798; x_wconf 91' lang='lat' dir='ltr'>e</span> <span class='ocrx_word' id='word_1_105' title='bbox 362 1733 529 1818; x_wconf 78' lang='lat' dir='ltr'>discipulis</span> <span class='ocrx_word' id='word_1_106' title='bbox 552 1754 636 1798; x_wconf 90' lang='lat' dir='ltr'>unus</span> <span class='ocrx_word' id='word_1_107' title='bbox 658 1733 805 1819; x_wconf 82' lang='lat' dir='ltr'>fulgente</span> <span class='ocrx_word' id='word_1_108' title='bbox 827 1734 1002 1799; x_wconf 85' lang='lat' dir='ltr'>machaera</span> 
     </span>
    </p>

    <p class='ocr_par' dir='ltr' id='par_1_18' title="bbox 164 1821 904 1895">
     <span class='ocr_line' id='line_1_19' title="bbox 164 1821 904 1895; baseline 0 -8"><span class='ocrx_word' id='word_1_109' title='bbox 164 1821 312 1895; x_wconf 78' lang='lat' dir='ltr'>Occurrit</span> <span class='ocrx_word' id='word_1_110' title='bbox 334 1823 420 1887; x_wconf 87' lang='lat' dir='ltr'>vatis</span> <span class='ocrx_word' id='word_1_111' title='bbox 444 1821 568 1887; x_wconf 87' lang='lat' dir='ltr'>famulo</span> <span class='ocrx_word' id='word_1_112' title='bbox 592 1822 740 1887; x_wconf 86' lang='lat' dir='ltr'>sublatus</span> <span class='ocrx_word' id='word_1_113' title='bbox 763 1823 798 1886; x_wconf 91' lang='lat' dir='ltr'>in</span> <span class='ocrx_word' id='word_1_114' title='bbox 820 1823 904 1887; x_wconf 88' lang='lat' dir='ltr'>iram</span> 
     </span>
    </p>

    <p class='ocr_par' dir='ltr' id='par_1_19' title="bbox 162 1910 1067 1996">
     <span class='ocr_line' id='line_1_20' title="bbox 162 1910 1067 1996; baseline 0.002 -21"><span class='ocrx_word' id='word_1_115' title='bbox 162 1910 321 1996; x_wconf 80' lang='lat' dir='ltr'>Tempore</span> <span class='ocrx_word' id='word_1_116' title='bbox 344 1914 378 1975; x_wconf 93' lang='lat' dir='ltr'>et</span> <span class='ocrx_word' id='word_1_117' title='bbox 399 1933 569 1976; x_wconf 80' lang='lat' dir='ltr'>excussam</span> <span class='ocrx_word' id='word_1_118' title='bbox 591 1911 702 1995; x_wconf 87' lang='lat' dir='ltr'>rapuit</span> <span class='ocrx_word' id='word_1_119' title='bbox 724 1911 757 1976; x_wconf 81' lang='lat' dir='ltr'>vi</span> <span class='ocrx_word' id='word_1_120' title='bbox 780 1911 923 1976; x_wconf 86' lang='lat' dir='ltr'>vulneris</span> <span class='ocrx_word' id='word_1_121' title='bbox 947 1932 1067 1977; x_wconf 85' lang='lat' dir='ltr'>aurem.</span> 
     </span>
    </p>

    <p class='ocr_par' dir='ltr' id='par_1_20' title="bbox 163 1998 1180 2085">
     <span class='ocr_line' id='line_1_21' title="bbox 163 1998 1180 2085; baseline 0.001 -20"><span class='ocrx_word' id='word_1_122' title='bbox 163 1999 230 2065; x_wconf 89' lang='lat' dir='ltr'>Olli</span> <span class='ocrx_word' id='word_1_123' title='bbox 253 1998 404 2066; x_wconf 88' lang='lat' dir='ltr'>Christus</span> <span class='ocrx_word' id='word_1_124' title='bbox 428 2000 488 2064; x_wconf 88' lang='lat' dir='ltr'>ait:</span> <span class='ocrx_word' id='word_1_125' title='bbox 511 1998 683 2084; x_wconf 79' lang='lat' dir='ltr'>„Gladium</span> <span class='ocrx_word' id='word_1_126' title='bbox 706 2003 742 2064; x_wconf 91' lang='lat' dir='ltr'>tu</span> <span class='ocrx_word' id='word_1_127' title='bbox 764 2000 892 2085; x_wconf 77' lang='lat' dir='ltr'>ponito,</span> <span class='ocrx_word' id='word_1_128' title='bbox 914 2004 1038 2085; x_wconf 79' lang='lat' dir='ltr'>noster3</span> <span class='ocrx_word' id='word_1_129' title='bbox 1126 2015 1180 2066; x_wconf 75' lang='lat'>625</span> 
     </span>
    </p>

    <p class='ocr_par' dir='ltr' id='par_1_21' title="bbox 161 2087 1014 2173">
     <span class='ocr_line' id='line_1_22' title="bbox 161 2087 1014 2173; baseline 0.002 -21"><span class='ocrx_word' id='word_1_130' title='bbox 161 2087 248 2153; x_wconf 89' lang='lat' dir='ltr'>Nam</span> <span class='ocrx_word' id='word_1_131' title='bbox 272 2089 465 2173; x_wconf 76' lang='lat' dir='ltr'>quicumque</span> <span class='ocrx_word' id='word_1_132' title='bbox 487 2087 581 2153; x_wconf 84' lang='lat' dir='ltr'>ferox</span> <span class='ocrx_word' id='word_1_133' title='bbox 603 2088 744 2154; x_wconf 87' lang='lat' dir='ltr'>confidet</span> <span class='ocrx_word' id='word_1_134' title='bbox 766 2088 893 2154; x_wconf 85' lang='lat' dir='ltr'>vindice</span> <span class='ocrx_word' id='word_1_135' title='bbox 916 2088 1014 2172; x_wconf 84' lang='lat' dir='ltr'>ferro,</span> 
     </span>
    </p>

    <p class='ocr_par' dir='ltr' id='par_1_22' title="bbox 163 2175 946 2243">
     <span class='ocr_line' id='line_1_23' title="bbox 163 2175 946 2243; baseline 0.001 -1"><span class='ocrx_word' id='word_1_136' title='bbox 163 2175 260 2243; x_wconf 89' lang='lat' dir='ltr'>Hunc</span> <span class='ocrx_word' id='word_1_137' title='bbox 282 2177 362 2242; x_wconf 85' lang='lat' dir='ltr'>iusti</span> <span class='ocrx_word' id='word_1_138' title='bbox 384 2176 501 2241; x_wconf 90' lang='lat' dir='ltr'>similis</span> <span class='ocrx_word' id='word_1_139' title='bbox 524 2177 602 2242; x_wconf 87' lang='lat' dir='ltr'>ferri</span> <span class='ocrx_word' id='word_1_140' title='bbox 624 2177 769 2242; x_wconf 83' lang='lat' dir='ltr'>vindicta</span> <span class='ocrx_word' id='word_1_141' title='bbox 792 2178 946 2243; x_wconf 88' lang='lat' dir='ltr'>manebit.</span> 
     </span>
    </p>

    <p class='ocr_par' dir='ltr' id='par_1_23' title="bbox 161 2265 983 2350">
     <span class='ocr_line' id='line_1_24' title="bbox 161 2265 983 2350; baseline 0.004 -21"><span class='ocrx_word' id='word_1_142' title='bbox 161 2266 217 2331; x_wconf 85' lang='lat' dir='ltr'>An</span> <span class='ocrx_word' id='word_1_143' title='bbox 240 2286 300 2350; x_wconf 86' lang='lat' dir='ltr'>ego</span> <span class='ocrx_word' id='word_1_144' title='bbox 323 2287 389 2331; x_wconf 89' lang='lat' dir='ltr'>non</span> <span class='ocrx_word' id='word_1_145' title='bbox 412 2286 543 2350; x_wconf 89' lang='lat' dir='ltr'>possem</span> <span class='ocrx_word' id='word_1_146' title='bbox 566 2265 720 2330; x_wconf 84' lang='lat' dir='ltr'>caelestia</span> <span class='ocrx_word' id='word_1_147' title='bbox 742 2270 850 2332; x_wconf 87' lang='lat' dir='ltr'>castra</span> <span class='ocrx_word' id='word_1_148' title='bbox 868 2288 983 2334; x_wconf 82' lang='lat' dir='ltr'>vocare</span> 
     </span>
    </p>

    <p class='ocr_par' dir='ltr' id='par_1_24' title="bbox 161 2352 1059 2439">
     <span class='ocr_line' id='line_1_25' title="bbox 161 2352 1059 2439; baseline 0.003 -21"><span class='ocrx_word' id='word_1_149' title='bbox 161 2352 208 2419; x_wconf 82' lang='lat' dir='ltr'>Et</span> <span class='ocrx_word' id='word_1_150' title='bbox 230 2354 335 2439; x_wconf 86' lang='lat' dir='ltr'>patris</span> <span class='ocrx_word' id='word_1_151' title='bbox 357 2353 545 2420; x_wconf 89' lang='lat' dir='ltr'>innumeras</span> <span class='ocrx_word' id='word_1_152' title='bbox 567 2353 603 2417; x_wconf 89' lang='lat' dir='ltr'>in</span> <span class='ocrx_word' id='word_1_153' title='bbox 625 2354 751 2438; x_wconf 89' lang='lat' dir='ltr'>proelia</span> <span class='ocrx_word' id='word_1_154' title='bbox 773 2355 887 2422; x_wconf 90' lang='lat' dir='ltr'>ducere</span> <span class='ocrx_word' id='word_1_155' title='bbox 911 2356 1059 2421; x_wconf 84' lang='lat' dir='ltr'>turmas?</span> 
     </span>
    </p>

    <p class='ocr_par' dir='ltr' id='par_1_25' title="bbox 162 2439 1181 2527">
     <span class='ocr_line' id='line_1_26' title="bbox 162 2439 1181 2527; baseline 0.003 -20"><span class='ocrx_word' id='word_1_156' title='bbox 162 2439 225 2508; x_wconf 79' lang='lat' dir='ltr'>Sed</span> <span class='ocrx_word' id='word_1_157' title='bbox 249 2442 410 2526; x_wconf 88' lang='lat' dir='ltr'>scriptura</span> <span class='ocrx_word' id='word_1_158' title='bbox 433 2443 513 2507; x_wconf 88' lang='lat' dir='ltr'>meis</span> <span class='ocrx_word' id='word_1_159' title='bbox 538 2443 730 2527; x_wconf 88' lang='lat' dir='ltr'>complenda</span> <span class='ocrx_word' id='word_1_160' title='bbox 753 2448 804 2508; x_wconf 86' lang='lat' dir='ltr'>est</span> <span class='ocrx_word' id='word_1_161' title='bbox 826 2444 936 2510; x_wconf 89' lang='lat' dir='ltr'>debita</span> <span class='ocrx_word' id='word_1_162' title='bbox 958 2445 1065 2510; x_wconf 89' lang='lat' dir='ltr'>rebus.</span> <span class='ocrx_word' id='word_1_163' title='bbox 1126 2459 1181 2511; x_wconf 75' lang='lat'>630</span> 
     </span>
    </p>

    <p class='ocr_par' dir='ltr' id='par_1_26' title="bbox 161 2528 1021 2616">
     <span class='ocr_line' id='line_1_27' title="bbox 161 2528 1021 2616; baseline 0.006 -22"><span class='ocrx_word' id='word_1_164' title='bbox 161 2528 231 2596; x_wconf 87' lang='lat' dir='ltr'>Vos</span> <span class='ocrx_word' id='word_1_165' title='bbox 255 2534 364 2595; x_wconf 87' lang='lat' dir='ltr'>autern</span> <span class='ocrx_word' id='word_1_166' title='bbox 388 2532 502 2596; x_wconf 89' lang='lat' dir='ltr'>stricto</span> <span class='ocrx_word' id='word_1_167' title='bbox 527 2532 582 2615; x_wconf 91' lang='lat' dir='ltr'>qui</span> <span class='ocrx_word' id='word_1_168' title='bbox 605 2553 658 2595; x_wconf 90' lang='lat' dir='ltr'>me</span> <span class='ocrx_word' id='word_1_169' title='bbox 681 2533 912 2616; x_wconf 86' lang='lat' dir='ltr'>comprendere</span> <span class='ocrx_word' id='word_1_170' title='bbox 935 2535 1021 2599; x_wconf 88' lang='lat' dir='ltr'>ferro</span> 
     </span>
    </p>

    <p class='ocr_par' dir='ltr' id='par_1_27' title="bbox 161 2617 1013 2709">
     <span class='ocr_line' id='line_1_28' title="bbox 161 2617 1013 2709; baseline 0.005 -25"><span class='ocrx_word' id='word_1_171' title='bbox 161 2617 318 2684; x_wconf 80' lang='lat' dir='ltr'>Fastibus</span> <span class='ocrx_word' id='word_1_172' title='bbox 342 2623 376 2684; x_wconf 90' lang='lat' dir='ltr'>et</span> <span class='ocrx_word' id='word_1_173' title='bbox 398 2619 517 2704; x_wconf 84' lang='lat' dir='ltr'>gladiis</span> <span class='ocrx_word' id='word_1_174' title='bbox 540 2619 747 2704; x_wconf 87' lang='lat' dir='ltr'>concurritis,</span> <span class='ocrx_word' id='word_1_175' title='bbox 771 2643 811 2686; x_wconf 87' lang='lat' dir='ltr'>en</span> <span class='ocrx_word' id='word_1_176' title='bbox 835 2644 896 2709; x_wconf 87' lang='lat' dir='ltr'>ego</span> <span class='ocrx_word' id='word_1_177' title='bbox 920 2623 1013 2688; x_wconf 84' lang='lat' dir='ltr'>vobis</span> 
     </span>
    </p>

    <p class='ocr_par' dir='ltr' id='par_1_28' title="bbox 163 2708 1004 2795">
     <span class='ocr_line' id='line_1_29' title="bbox 163 2708 1004 2795; baseline 0.004 -21"><span class='ocrx_word' id='word_1_178' title='bbox 163 2708 351 2793; x_wconf 86' lang='lat' dir='ltr'>Occurram‚</span> <span class='ocrx_word' id='word_1_179' title='bbox 374 2708 490 2793; x_wconf 84' lang='lat' dir='ltr'>templi</span> <span class='ocrx_word' id='word_1_180' title='bbox 513 2708 622 2774; x_wconf 92' lang='lat' dir='ltr'>media</span> <span class='ocrx_word' id='word_1_181' title='bbox 644 2709 701 2793; x_wconf 91' lang='lat' dir='ltr'>qui</span> <span class='ocrx_word' id='word_1_182' title='bbox 724 2732 851 2795; x_wconf 86' lang='lat' dir='ltr'>semper</span> <span class='ocrx_word' id='word_1_183' title='bbox 873 2713 909 2777; x_wconf 89' lang='lat' dir='ltr'>in</span> <span class='ocrx_word' id='word_1_184' title='bbox 931 2733 1004 2777; x_wconf 89' lang='lat' dir='ltr'>arce</span> 
     </span>
    </p>

    <p class='ocr_par' dir='ltr' id='par_1_29' title="bbox 161 2796 1156 2885">
     <span class='ocr_line' id='line_1_30' title="bbox 161 2796 1156 2885; baseline 0.004 -23"><span class='ocrx_word' id='word_1_185' title='bbox 161 2796 341 2864; x_wconf 86' lang='lat' dir='ltr'>Vobiscum</span> <span class='ocrx_word' id='word_1_186' title='bbox 363 2797 507 2863; x_wconf 90' lang='lat' dir='ltr'>residens</span> <span class='ocrx_word' id='word_1_187' title='bbox 531 2797 639 2883; x_wconf 85' lang='lat' dir='ltr'>docui,</span> <span class='ocrx_word' id='word_1_188' title='bbox 661 2821 721 2865; x_wconf 88' lang='lat' dir='ltr'>nee</span> <span class='ocrx_word' id='word_1_189' title='bbox 742 2800 823 2864; x_wconf 86' lang='lat' dir='ltr'>talia</span> <span class='ocrx_word' id='word_1_190' title='bbox 846 2801 1019 2885; x_wconf 88' lang='lat' dir='ltr'>quisquam</span> <span class='ocrx_word' id='word_1_191' title='bbox 1154 2851 1156 2854; x_wconf 70' lang='lat'><em>.</em></span> 
     </span>
    </p>

    <p class='ocr_par' dir='ltr' id='par_1_30' title="bbox 160 2885 1179 2954">
     <span class='ocr_line' id='line_1_31' title="bbox 160 2885 1179 2954; baseline 0.005 -4"><span class='ocrx_word' id='word_1_192' title='bbox 160 2885 201 2950; x_wconf 88' lang='lat' dir='ltr'>In</span> <span class='ocrx_word' id='word_1_193' title='bbox 224 2887 332 2951; x_wconf 90' lang='lat' dir='ltr'>solum</span> <span class='ocrx_word' id='word_1_194' title='bbox 354 2886 457 2953; x_wconf 87' lang='lat' dir='ltr'>tantis</span> <span class='ocrx_word' id='word_1_195' title='bbox 480 2887 800 2953; x_wconf 85' lang='lat' dir='ltr'>circumlatrantibus</span> <span class='ocrx_word' id='word_1_196' title='bbox 824 2889 949 2954; x_wconf 85' lang='lat' dir='ltr'>ausus.“</span> <span class='ocrx_word' id='word_1_197' title='bbox 1125 2903 1179 2954; x_wconf 76' lang='lat'>535</span> 
     </span>
    </p>

    <p class='ocr_par' dir='ltr' id='par_1_31' title="bbox 163 2973 907 3062">
     <span class='ocr_line' id='line_1_32' title="bbox 163 2973 907 3062; baseline 0.004 -23"><span class='ocrx_word' id='word_1_198' title='bbox 163 2973 324 3060; x_wconf 89' lang='lat' dir='ltr'>Discipuli</span> <span class='ocrx_word' id='word_1_199' title='bbox 346 2977 469 3060; x_wconf 89' lang='lat' dir='ltr'>passim</span> <span class='ocrx_word' id='word_1_200' title='bbox 492 2974 624 3042; x_wconf 88' lang='lat' dir='ltr'>Christo</span> <span class='ocrx_word' id='word_1_201' title='bbox 646 2977 759 3062; x_wconf 84' lang='lat' dir='ltr'>fugere</span> <span class='ocrx_word' id='word_1_202' title='bbox 782 2978 907 3043; x_wconf 84' lang='lat' dir='ltr'>relicto.</span> 
     </span>
    </p>

    <p class='ocr_par' dir='ltr' id='par_1_32' title="bbox 167 3061 1029 3151">
     <span class='ocr_line' id='line_1_33' title="bbox 167 3061 1029 3151; baseline 0.007 -26"><span class='ocrx_word' id='word_1_203' title='bbox 167 3063 170 3067; x_wconf 79' lang='grc'><strong>’</strong></span> <span class='ocrx_word' id='word_1_204' title='bbox 206 3061 341 3148; x_wconf 88' lang='lat' dir='ltr'>Iamque</span> <span class='ocrx_word' id='word_1_205' title='bbox 365 3062 529 3149; x_wconf 86' lang='lat' dir='ltr'>Caiphaee</span> <span class='ocrx_word' id='word_1_206' title='bbox 552 3068 690 3130; x_wconf 89' lang='lat' dir='ltr'>steterat</span> <span class='ocrx_word' id='word_1_207' title='bbox 713 3066 861 3132; x_wconf 82' lang='lat' dir='ltr'>salvator</span> <span class='ocrx_word' id='word_1_208' title='bbox 883 3068 919 3131; x_wconf 87' lang='lat' dir='ltr'>in</span> <span class='ocrx_word' id='word_1_209' title='bbox 942 3066 1029 3151; x_wconf 85' lang='lat' dir='ltr'>aula,</span> 
     </span>
    </p>

    <p class='ocr_par' dir='ltr' id='par_1_33' title="bbox 162 3148 1011 3239">
     <span class='ocr_line' id='line_1_34' title="bbox 162 3148 1011 3239; baseline 0.005 -24"><span class='ocrx_word' id='word_1_210' title='bbox 162 3148 347 3216; x_wconf 80' lang='lat' dir='ltr'>Convenere</span> <span class='ocrx_word' id='word_1_211' title='bbox 371 3175 482 3218; x_wconf 86' lang='lat' dir='ltr'>omnes</span> <span class='ocrx_word' id='word_1_212' title='bbox 507 3154 631 3219; x_wconf 87' lang='lat' dir='ltr'>scribae</span> <span class='ocrx_word' id='word_1_213' title='bbox 654 3175 869 3239; x_wconf 88' lang='lat' dir='ltr'>proceresque</span> <span class='ocrx_word' id='word_1_214' title='bbox 893 3155 1011 3221; x_wconf 75' lang='lat' dir='ltr'>vocati</span> 
     </span>
    </p>
   </div>
   <div class='ocr_carea' id='block_1_3' title="bbox 162 3307 1184 3590">
    <p class='ocr_par' dir='ltr' id='par_1_34' title="bbox 162 3307 1184 3590">
     <span class='ocr_line' id='line_1_35' title="bbox 232 3307 1183 3383; baseline 0.002 -20"><span class='ocrx_word' id='word_1_215' title='bbox 232 3311 284 3363; x_wconf 75' lang='lat' dir='ltr'>tot</span> <span class='ocrx_word' id='word_1_216' title='bbox 303 3307 392 3362; x_wconf 85' lang='lat' dir='ltr'>fessos</span> <span class='ocrx_word' id='word_1_217' title='bbox 410 3309 483 3364; x_wconf 74' lang='grc' dir='ltr'>ΒΜ</span> <span class='ocrx_word' id='word_1_218' title='bbox 494 3311 504 3378; x_wconf 84' lang='grc' dir='ltr'>ΙΙ</span> <span class='ocrx_word' id='word_1_219' title='bbox 517 3315 570 3364; x_wconf 77' lang='grc'>609</span> <span class='ocrx_word' id='word_1_220' title='bbox 589 3310 627 3363; x_wconf 90' lang='lat' dir='ltr'>ad</span> <span class='ocrx_word' id='word_1_221' title='bbox 645 3309 741 3365; x_wconf 84' lang='lat' dir='ltr'>omnia</span> <span class='ocrx_word' id='word_1_222' title='bbox 754 3311 827 3366; x_wconf 70' lang='lat' dir='ltr'>Ro!</span> <span class='ocrx_word' id='word_1_223' title='bbox 836 3315 845 3383; x_wconf 93' lang='lat' dir='ltr'>l</span> <span class='ocrx_word' id='word_1_224' title='bbox 860 3317 911 3367; x_wconf 75' lang='lat'>514</span> <span class='ocrx_word' id='word_1_225' title='bbox 930 3309 1122 3379; x_wconf 83' lang='lat' dir='ltr'>sequebantur</span> <span class='ocrx_word' id='word_1_226' title='bbox 1134 3309 1183 3383; x_wconf 68' lang='grc' dir='ltr'>ΒΗ</span> 
     </span>
     <span class='ocr_line' id='line_1_36' title="bbox 163 3375 1183 3454; baseline 0.007 -23"><span class='ocrx_word' id='word_1_227' title='bbox 163 3382 215 3431; x_wconf 77' lang='grc'>618</span> <span class='ocrx_word' id='word_1_228' title='bbox 233 3375 382 3432; x_wconf 86' lang='lat' dir='ltr'>iustissimi</span> <span class='ocrx_word' id='word_1_229' title='bbox 399 3379 537 3434; x_wconf 85' lang='lat' dir='ltr'>mirabilis</span> <span class='ocrx_word' id='word_1_230' title='bbox 555 3380 602 3449; x_wconf 83' lang='lat' dir='ltr'>M,</span> <span class='ocrx_word' id='word_1_231' title='bbox 625 3380 694 3437; x_wconf 88' lang='lat' dir='ltr'>iusti</span> <span class='ocrx_word' id='word_1_232' title='bbox 712 3381 881 3439; x_wconf 88' lang='lat' dir='ltr'>miserabilis</span> <span class='ocrx_word' id='word_1_233' title='bbox 898 3379 1132 3438; x_wconf 64' lang='lat' dir='ltr'><strong><em>ABLWAM</em></strong></span> <span class='ocrx_word' id='word_1_234' title='bbox 1141 3382 1183 3454; x_wconf 72' lang='lat'>89</span> 
     </span>
     <span class='ocr_line' id='line_1_37' title="bbox 162 3445 1184 3524; baseline 0.008 -25"><span class='ocrx_word' id='word_1_235' title='bbox 162 3445 223 3501; x_wconf 77' lang='lat' dir='ltr'>Met</span> <span class='ocrx_word' id='word_1_236' title='bbox 236 3448 246 3515; x_wconf 82' lang='grc' dir='ltr'>ΙΙ</span> <span class='ocrx_word' id='word_1_237' title='bbox 259 3453 311 3502; x_wconf 74' lang='lat'>528</span> <span class='ocrx_word' id='word_1_238' title='bbox 329 3447 437 3515; x_wconf 83' lang='lat' dir='ltr'>possim</span> <span class='ocrx_word' id='word_1_239' title='bbox 454 3449 491 3516; x_wconf 84' lang='lat' dir='ltr'>R,</span> <span class='ocrx_word' id='word_1_240' title='bbox 510 3466 610 3517; x_wconf 86' lang='lat' dir='ltr'>posum</span> <span class='ocrx_word' id='word_1_241' title='bbox 629 3452 668 3506; x_wconf 87' lang='lat' dir='ltr'><strong><em>M</em></strong></span> <span class='ocrx_word' id='word_1_242' title='bbox 677 3455 687 3524; x_wconf 77' lang='lat' dir='ltr'>ss</span> <span class='ocrx_word' id='word_1_243' title='bbox 700 3457 752 3509; x_wconf 74' lang='lat'>529</span> <span class='ocrx_word' id='word_1_244' title='bbox 771 3452 867 3508; x_wconf 81' lang='lat' dir='ltr'>turbas</span> <span class='ocrx_word' id='word_1_245' title='bbox 884 3453 923 3508; x_wconf 83' lang='grc' dir='ltr'><em>Μ</em></span> <span class='ocrx_word' id='word_1_246' title='bbox 924 3451 959 3506; x_wconf 79' lang='lat'>0³</span> <span class='ocrx_word' id='word_1_247' title='bbox 977 3455 994 3522; x_wconf 67' lang='lat' dir='ltr'>lb</span> <span class='ocrx_word' id='word_1_248' title='bbox 1006 3457 1058 3508; x_wconf 74' lang='lat'>533</span> <span class='ocrx_word' id='word_1_249' title='bbox 1077 3453 1184 3510; x_wconf 85' lang='lat' dir='ltr'>Occur-</span> 
     </span>
     <span class='ocr_line' id='line_1_38' title="bbox 162 3516 1017 3590; baseline 0.018 -23"><span class='ocrx_word' id='word_1_250' title='bbox 162 3529 253 3569; x_wconf 84' lang='lat' dir='ltr'>reram</span> <span class='ocrx_word' id='word_1_251' title='bbox 273 3518 318 3587; x_wconf 88' lang='lat' dir='ltr'>M,</span> <span class='ocrx_word' id='word_1_252' title='bbox 338 3516 453 3573; x_wconf 78' lang='lat' dir='ltr'>Oceani</span> <span class='ocrx_word' id='word_1_253' title='bbox 470 3518 530 3574; x_wconf 78' lang='lat' dir='ltr'>AL</span> <span class='ocrx_word' id='word_1_254' title='bbox 540 3520 577 3574; x_wconf 69' lang='lat'>1⁷¹</span> <span class='ocrx_word' id='word_1_255' title='bbox 590 3522 600 3590; x_wconf 79' lang='lat' dir='ltr'>fl</span> <span class='ocrx_word' id='word_1_256' title='bbox 614 3526 667 3578; x_wconf 76' lang='lat'>537</span> <span class='ocrx_word' id='word_1_257' title='bbox 685 3524 841 3580; x_wconf 83' lang='lat' dir='ltr'>adsteterat</span> <span class='ocrx_word' id='word_1_258' title='bbox 856 3523 929 3579; x_wconf 72' lang='grc' dir='ltr'>ΕΜ</span> <span class='ocrx_word' id='word_1_259' title='bbox 936 3524 1017 3581; x_wconf 81' lang='lat' dir='ltr'>LB*</span> 
     </span>
    </p>
   </div>
   <div class='ocr_carea' id='block_1_4' title="bbox 0 0 1304 3934">
    <p class='ocr_par' dir='ltr' id='par_1_35' title="bbox 0 0 1304 3934">
     <span class='ocr_line' id='line_1_39' title="bbox 0 0 1304 3934; baseline 0 0"><span class='ocrx_word' id='word_1_260' title='bbox 0 0 1304 3934; x_wconf 95' lang='lat' dir='ltr'> </span> 
     </span>
    </p>
   </div>
  </div>
 </body>
</html>
