2600 3934
17 29 20 172 l

422 173 531 232 LIBER
548 176 596 233 Ν.
634 178 782 233 v.1-ss.
1070 179 1112 245 81
1198 256 1200 259 ,

17 319 18 366 l
98 322 247 390 Concidit
270 326 304 386 et
327 322 435 388 cuncti
457 321 584 387 iacuere
607 346 647 388 ex
670 324 782 388 ordine
804 323 924 389 fratres

17 371 19 478 l

96 411 201 477 Unius
225 416 259 477 et
281 414 414 477 cunctos
438 411 534 476 fletus
558 433 710 498 gemuere
733 414 884 498 maritae3
1077 430 1113 480 25
1185 493 1186 496 Ἴ

95 499 176 566 Post
198 500 306 585 ipsam
329 498 439 583 rapuit
461 500 588 585 gelidae
611 502 820 566 inclementia
843 502 966 568 mortis.
1035 495 1041 505 ’

97 588 133 655 si
155 589 288 654 venient
310 588 413 673 igitur
426 589 542 654 'cuncti
566 589 626 653 sub
649 590 764 654 limina
786 590 887 675 ritae,

17 727 19 736 ,
95 677 195 743 Cuius
219 677 366 743 conubiis
390 678 506 742 mulier
528 677 691 742 reddenda
713 677 907 763 resurget?“

95 765 178 831 Ollis
203 765 354 831 Christus
379 766 439 831 ait:
461 765 599 850 „Errori
622 766 764 831 obnoxia
786 789 888 850 pravo

95 854 238 939 Legibus
261 859 295 920 et
317 853 415 919 iussis
438 854 572 920 Domini
595 876 693 924 mens
711 856 792 921 dura
813 855 947 921 resistit.
1077 874 1111 923 30

95 942 246 1028 Namque
270 943 410 1008 secunda
432 944 548 1008 dehinc
570 944 677 1009 laetae
699 944 864 1028 reparatio
887 945 975 1008 vitae
1088 955 1090 958 ’

95 1030 172 1097 Non
194 1032 360 1097 thalamos
383 1032 489 1117 novit,
511 1054 577 1097 non
600 1037 708 1097 terrae
732 1032 852 1118 gaudia
874 1054 972 1117 vana,

95 1120 158 1186 Sed
181 1121 305 1185 similes
328 1121 453 1186 levibus
476 1122 635 1206 genitoris
659 1122 750 1186 iuxta
773 1122 932 1200 ministris

96 1207 284 1294 Constituet
306 1210 401 1293 regni
423 1209 528 1275 virtus
552 1209 702 1275 sublimis
725 1211 759 1274 in
781 1210 865 1275 aula.

94 1296 164 1370 Nec
187 1296 276 1363 Deus
299 1298 432 1363 illorum
455 1298 622 1363 dominum
646 1320 680 1363 se
703 1320 824 1383 ponere
847 1299 986 1383 mavult,
1075 1315 1110 1365 35

94 1385 158 1461 oui
180 1390 300 1452 tetram
322 1387 418 1471 proni
441 1391 629 1451 meruerunt
652 1410 778 1452 sumere
802 1390 958 1472 mortem,

95 1474 158 1540 Sed
182 1475 292 1560 potius
316 1475 403 1540 vitae
424 1479 562 1560 possunt
586 1476 640 1560 qui
663 1476 820 1561 prendere
843 1474 978 1541 lucem.“

138 1563 225 1629 Ecce
249 1563 305 1628 alii
328 1565 489 1649 rogitant,
512 1586 594 1650 quae
619 1564 686 1629 sint
708 1564 898 1630 firmissima
920 1565 1013 1651 legis.

94 1651 157 1717 Ille
180 1652 360 1718 indefessus
383 1653 466 1717 nulli
489 1674 646 1737 responsa
668 1653 826 1739 negabat:

93 1738 300 1823 „Sublimem
322 1742 404 1806 caeli
426 1741 605 1806 Dominum
629 1741 759 1807 devotio
783 1741 889 1807 cordis
1074 1760 1110 1809 40

93 1829 241 1915 Diligat3
264 1834 314 1895 est
337 1831 439 1895 istaec
461 1830 567 1895 virtus
590 1830 779 1895 firmissima
802 1831 894 1915 legis.

94 1917 273 1984 Consimile
297 1923 347 1983 est
369 1919 438 1983 isti:
462 1916 584 2005 Magno
608 1923 782 1985 teneantur
804 1940 916 1984 amore

93 2006 148 2071 Ad
170 2007 221 2072 ius
243 2007 425 2072 fraternum
447 2008 552 2072 iustae
575 2008 757 2092 penetralia
780 2008 913 2093 mentis3

94 2094 157 2160 His
182 2097 304 2160 etenim
327 2095 465 2181 geminis
489 2096 671 2180 dependent
694 2096 804 2161 omnia
826 2096 934 2161 iussis.

95 2181 159 2248 Sed
182 2186 276 2249 uobis
300 2186 391 2249 cuius
416 2184 546 2249 suboles
568 2187 706 2249 uentura
728 2186 856 2250 ridetur
1074 2202 1109 2251 45

94 2271 260 2357 Christus,
284 2295 380 2358 quem
399 2274 507 2338 cuncti
527 2273 689 2358 spondent
706 2273 742 2337 in
760 2270 868 2339 saecla
885 2272 1110 2358 prophetae?“

94 2361 320 2446 Respondent,
344 2362 436 2427 illum
460 2360 597 2427 Davidis
622 2364 767 2448 germine
789 2362 888 2428 nasci.

94 2450 311 2535 Prosequitur
334 2449 498 2515 Christus:
521 2449 606 2535 „Cur
628 2452 721 2515 illum
745 2451 850 2517 dicere
873 2449 980 2516 David

94 2537 217 2605 Divino
241 2540 323 2603 flatu
346 2540 504 2622 scriptum
528 2544 579 2604 est
601 2539 841 2624 Dominumque
854 2540 1043 2624 Deumque,

82 2627 191 2716 ‘Quod
205 2627 373 2713 proprium
387 2632 516 2713 patrem
529 2650 596 2694 non
610 2651 750 2714 aequum
764 2633 815 2693 est
829 2629 935 2694 dicere
948 2628 1109 2694 nato?“50

141 2716 236 2781 Talia
261 2717 418 2801 salrator3
442 2717 550 2782 cuncti
573 2718 761 2801 obstipuere
785 2718 928 2781 silentes.

94 2804 156 2870 Ille
181 2805 237 2870 sed
261 2806 364 2871 accita
387 2805 573 2871 credentum
595 2805 692 2890 plebe
714 2805 876 2890 profatur:

93 2892 264 2979 „Aspicite
288 2894 411 2960 scribas
435 2894 568 2959 sublimi
592 2894 668 2959 sede
693 2895 860 2978 superbos.

94 2981 139 3058 Hi
159 3004 380 3068 quaecumque
400 2984 524 3068 docent,
544 2984 667 3048 iustum
687 2987 737 3047 est
756 2982 984 3068 comprendere
1002 2981 1108 3049 cordis

77 3069 274 3157 Obsequio,
297 3072 442 3137 maculas
465 3072 610 3155 ipsorum
633 3071 770 3137 temnite
792 3073 889 3137 vitae.
1074 3087 1108 3137 55

148 3251 183 3301 28
202 3244 341 3318 coniugiis
359 3246 425 3300 ML
439 3249 449 3316 ΙΙ
463 3252 497 3301 30
515 3249 656 3316 repugnat
673 3247 701 3301 R
711 3247 775 3302 Mat
784 3246 862 3312 Bam
875 3250 940 3315 port
958 3246 1031 3301 bano
1048 3261 1107 3301 oer-

93 3331 155 3371 sum
172 3333 207 3371 m.
226 3317 266 3371 H
279 3319 398 3372 insanit
416 3319 519 3373 ulium.-
535 3317 659 3389 Legibus
679 3321 708 3372 et
726 3317 830 3372 virtute
848 3317 880 3371 di
897 3333 976 3371 mens
995 3317 1107 3372 decolor

95 3388 153 3443 exit
172 3388 242 3443 MR
266 3388 316 3457 (M
330 3387 464 3457 decolor),
488 3405 522 3445 m.
539 3390 561 3443 I
578 3389 637 3443 AB
645 3389 751 3458 T*Mp
761 3387 821 3443 Met
839 3388 876 3459 (R
890 3392 955 3458 post
973 3389 1019 3457 34)
1041 3389 1107 3457 l·33

93 3457 172 3513 iuxta
193 3457 389 3530 0¹·2Auc189,
407 3460 505 3530 lustau
518 3466 553 3515 35
571 3463 676 3514 terram
696 3459 759 3513 V¹·²
772 3462 782 3528 l
795 3465 829 3513 41
849 3461 879 3513 et
896 3462 940 3513 est
956 3458 1046 3513 uirtus
1066 3457 1109 3526 0¹,

93 3527 165 3584 haec
184 3545 235 3587 om,
254 3530 388 3601 15555551
404 3530 558 3587 fortissima
581 3530 693 3588 V¹Mat
705 3533 715 3601 l
728 3535 763 3585 50
782 3534 825 3586 est
844 3546 895 3586 om.
915 3529 1001 3584 MR*

147 3615 271 3670 Iuvencus.
932 3623 948 3672 6
