2600 3934
158 89 202 153 24
402 142 407 149 .
588 90 696 144 ursus
715 91 735 143 1.

159 235 262 300 Unius
287 241 343 301 unt
365 236 448 301 odiis
472 235 563 300 cedet
586 235 639 299 vel
663 234 755 300 cedet
779 236 895 319 amori,

160 324 228 389 Neu
251 325 374 408 pariter
398 323 565 388 dominum
589 344 700 388 servus
723 322 865 406 patietur
888 330 1069 407 utrumque.

160 412 250 477 Haut
272 434 427 496 umquam
449 412 571 496 poterit
594 412 665 495 quis
690 411 876 496 divitiisque
898 410 1032 496 Deoque

159 500 319 565 inservire
343 499 455 582 simul3
479 500 536 565 sed
558 521 616 564 vos
640 499 720 565 haec
742 500 832 564 iussu
853 503 976 564 tenete:

160 588 322 654 Sollicitet
344 588 476 673 proprio
500 609 541 653 ne
564 610 623 653 vos
646 610 707 673 pro
731 610 866 673 corpore
889 591 1005 673 vestis,
1119 604 1172 655 666

160 677 233 742 Neu
254 676 368 742 faciles
392 679 496 742 victus
520 698 619 763 aegra
642 676 814 760 disquirite
838 699 922 741 cure.

160 766 277 831 Nonne
301 766 445 830 unimam
467 765 571 849 pluris
593 764 745 850 fecimus,
769 787 865 849 quam
889 765 1035 849 corporis
1058 765 1173 829 escas?

161 857 228 919 Aut
252 853 381 919 dubitat
403 875 521 936 corpus
545 853 718 936 quisquam
740 874 940 938 praeponere
962 852 1069 918 vesti?
1283 854 1284 887 1

160 943 277 1009 Aerias
301 945 482 1027 spectemus
507 963 597 1005 eves:
619 963 698 1005 num
721 963 851 1006 vomere
873 961 986 1023 presso

162 1032 268 1117 Terga
291 1030 354 1094 soli
377 1029 547 1113 subigunt,
570 1029 695 1094 iaciunt
718 1033 775 1094 cut
798 1029 923 1094 semina
944 1029 1057 1115 furris,
1120 1046 1173 1095 636

161 1120 229 1185 Aut
252 1122 400 1204 segetum
422 1117 547 1182 culmos
570 1117 704 1182 incurva
725 1117 810 1182 falce
832 1118 1004 1184 recidunt?

161 1207 335 1272 Proveniet
356 1211 468 1270 tumen
490 1205 542 1269 his
566 1205 667 1270 satias
690 1211 853 1290 potusque
876 1206 1013 1291 cibique.

161 1295 279 1360 Nonne
301 1294 372 1359 Deo
395 1293 500 1379 magis
524 1297 574 1358 est
596 1293 765 1360 hominum
787 1295 911 1360 curatio
935 1294 1046 1360 cordi?

161 1384 231 1449 Nec
254 1383 388 1470 dignum
410 1382 518 1447 fuerat
539 1383 641 1447 vestis
665 1383 861 1467 suspendere
884 1404 994 1448 curam

161 1471 351 1538 Pectoribus
373 1472 510 1554 nostris3
533 1492 611 1548 non,
635 1472 663 1535 si
686 1470 843 1536 cubitalis
864 1475 999 1556 possent
1120 1486 1174 1536 646

161 1562 366 1627 Incrementa
389 1559 455 1625 suis
477 1559 627 1624 homines
650 1560 806 1643 inponere
829 1560 994 1625 membris.

162 1649 305 1726 Gemite,
327 1648 545 1734 perpingues
570 1668 667 1732 egros
690 1651 728 1712 ut
751 1647 822 1712 lilia
844 1648 983 1733 fulgent!

162 1737 239 1804 Non
260 1737 321 1801 ulli
344 1742 455 1802 tamen
477 1737 528 1800 his
551 1758 708 1820 umquam
729 1736 902 1801 incubuere
924 1737 1068 1819 labores,

162 1826 233 1892 Nec
256 1825 433 1891 salomona
454 1824 562 1907 illum,
586 1846 659 1889 cum
682 1825 776 1910 regni
799 1824 910 1907 divitis
934 1824 1010 1889 cula

163 1915 336 1998 Afflueret,
358 1913 437 1978 tulis
460 1913 603 1978 contexit
625 1912 734 1998 gretia
756 1914 866 1979 vestis.
1122 1928 1176 1977 646

164 2003 257 2080 Quod
281 2002 310 2066 si
331 2005 500 2085 pratorum
522 2000 742 2085 fruticumque
764 2002 904 2066 virentia
927 2002 1014 2069 lactc

162 2092 237 2175 Ipse
259 2089 348 2155 Deus
371 2090 470 2155 vestit
493 2090 614 2154 nostris
638 2089 780 2154 obnoxia
802 2090 957 2174 flammis,
1066 2111 1068 2115 ¹

164 2179 229 2245 Cur
252 2177 345 2244 vobis
368 2177 478 2263 potior
500 2199 567 2243 non
589 2181 639 2242 est
661 2177 780 2243 fiducia
801 2178 931 2263 patris?

163 2268 253 2352 Ergo
278 2267 386 2333 cibum
408 2270 523 2350 potum
546 2271 733 2350 vestemque
757 2269 790 2330 et
812 2267 924 2331 inania
946 2270 1063 2331 cuncta

165 2355 324 2420 Gentibus
347 2354 456 2419 infidis
479 2358 644 2419 terrenum
668 2354 806 2439 linquite
830 2377 949 2420 curam.
1122 2370 1176 2418 666

164 2444 233 2509 Vos
257 2443 366 2527 potius
390 2442 487 2528 digne
511 2443 663 2507 caelestia
686 2443 832 2526 quaerite
854 2465 955 2527 regna

163 2532 393 2616 Iustitiamque
415 2530 538 2596 Dei-
559 2535 740 2615 spontanea
763 2535 870 2596 cetera
893 2535 1022 2595 current
1044 2565 1101 2614 -,

166 2620 317 2688 Crastina
339 2641 399 2685 nec
421 2620 514 2684 vobis
537 2622 668 2684 curetur
690 2618 784 2703 copis
806 2641 929 2704 rerum3

166 2709 308 2794 Quisque
331 2708 400 2773 dies
423 2708 554 2772 sibimet
577 2707 659 2773 sctis
681 2714 733 2772 est
754 2729 814 2790 pro
837 2707 950 2772 fraude
973 2708 1097 2772 diurne.

209 2797 367 2864 Iudicium
390 2801 536 2862 vestrum
558 2796 666 2882 fugiat
689 2795 855 2861 damnatio
879 2817 989 2881 sceva3
1123 2812 1176 2861 666

165 2885 251 2952 Nam
274 2885 435 2951 Dominus
458 2885 537 2949 iuris
561 2886 662 2949 vestri
685 2884 878 2949 documento
901 2888 1063 2969 sequetur,

239 3084 292 3133 634
309 3096 377 3132 num
397 3077 439 3145 0¹,
457 3093 515 3132 non
537 3079 548 3146 l
570 3082 622 3132 642
640 3077 752 3147 fulgent
769 3083 833 3133 ante
850 3075 951 3131 florent
967 3084 1036 3142 erut,
1016 3077 1101 3131 tccd
1118 3093 1180 3130 cra-

167 3166 228 3204 sum
246 3156 284 3204 est
299 3147 341 3216 0¹,
360 3147 422 3218 fulg
423 3147 560 3216 entRV1,
578 3147 679 3214 florent
696 3148 751 3203 die
759 3164 812 3202 scr.
817 3117 1036 3228 prefulgentllf
1045 3148 1055 3216 l
1069 3152 1121 3201 c4c
1138 3146 1180 3202 la·

168 3222 249 3275 bores
266 3190 398 3289 ligobes’
403 3165 457 3286 g,O¹
476 3220 588 3274 labores
602 3217 630 3273 R
649 3219 715 3287 (die
724 3234 775 3273 scr.
786 3216 914 3287 ligones,
933 3216 1043 3287 ligones
1061 3217 1099 3272 M
1114 3218 1180 3285 (div.

167 3306 217 3344 ser
238 3238 360 3354 labores)
378 3291 388 3358 ΙΙ
403 3295 466 3358 post
485 3295 549 3345 646
573 3289 712 3344 Naturale
729 3290 834 3342 bonum
852 3288 934 3342 terris
954 3304 1100 3343 commune
1118 3287 1179 3358 ple-

170 3358 245 3414 cebit
264 3359 379 3425 01711,
407 3362 479 3414 tuter
502 3360 590 3414 lineos
611 3361 702 3430 suppl.
725 3359 870 3427 RMMp,
895 3361 966 3413 deest
986 3359 1097 3414 O⁸Ber.
1117 3364 1181 3424 etc.‚·

166 3429 211 3484 tic
229 3446 321 3485 cerem
337 3401 500 3485 seboliasten
518 3432 592 3499 sapit
