2600 3934
498 153 781 212 PROLEGOMENA.
1072 160 1151 216 XVII

131 304 278 370 beriehte
297 302 361 368 vol.
381 303 421 367 71
443 324 473 386 p.
491 300 577 384 146).
594 337 632 346 -
648 299 794 383 Accedit,
813 302 898 386 quod
917 303 1042 371 codices
1063 328 1149 372 com·

131 395 242 479 plures
281 391 322 457 ab
354 389 496 455 Arevalo
531 388 780 455 commemorati
813 412 880 455 non
911 391 977 457 iam
1009 394 1149 460 inveniri

131 484 318 569 potuerunt,
340 478 427 544 inter
450 500 531 564 quos
554 477 704 562 inprimis
728 478 845 544 codex
868 477 1025 547 Barthii
1047 484 1149 568 pluri·

28 640 30 645 ,
132 571 194 635 mis
223 570 304 634 locis
330 567 483 632 laudatur
511 566 564 651 (cf.
593 564 723 631 Bartbii
749 565 884 633 Advers.
912 568 990 634 LIX
1012 593 1082 657 cap.
1105 575 1148 656 5).

28 656 30 673 ³
130 659 186 724 Ab
211 658 325 723 eodem
343 655 480 721 Barthio
500 654 650 742 (Advers.
669 653 751 718 XIII
770 677 839 741 cap.
860 656 916 742 19)
940 661 1148 727 membranae

132 745 404 829 Colonienses,
433 766 513 829 quas
542 745 602 809 sub
630 737 795 809 Ludovico
823 744 882 810 Pio
912 747 1049 833 scriptas
1078 771 1148 815 esse

130 834 311 919 contendit,
331 834 515 917 laudantur,
533 833 590 897 sed
606 831 731 896 frustra
748 832 794 897 eis
812 834 913 916 potiri
930 837 1047 902 studui.
1079 837 1149 904 Nec

133 925 240 1010 magis
264 922 345 988 mibi
369 921 522 1007 contigit,
551 921 721 987 codicem
743 919 985 1003 Fuldensem,
1009 947 1105 1010 quem
1128 938 1152 992 a

132 1012 279 1078 Zehnero
298 1011 457 1077 collatum
476 1032 547 1075 esse
561 1009 742 1075 Reuschius
760 1013 912 1096 testatur,
931 1018 964 1077 et
978 1014 1148 1080 codicem

131 1101 442 1186 Mersburgicum
480 1122 500 1165 a
532 1097 682 1163 Fabricio
721 1100 755 1163 in
792 1102 1024 1166 commentario
1055 1102 1147 1170 Poct.

131 1188 396 1256 Christianorum
422 1209 447 1253 s.
470 1211 498 1253 v.
522 1186 649 1253 Debilis
674 1186 843 1252 laudatum
866 1191 1147 1274 comprehendere.

198 1279 373 1363 Reliquum
392 1280 452 1360 cst,
471 1282 508 1341 ut
527 1276 677 1341 omnibus
696 1275 786 1359 viria,
803 1279 996 1361 praesertim
1016 1279 1073 1364 eis,
1092 1283 1147 1365 qui

131 1366 349 1450 bibliothecis,
369 1388 449 1450 quas
469 1365 509 1430 ad
528 1364 655 1430 codices
673 1362 805 1430 quenci
823 1368 1074 1449 perscrutandos
1095 1392 1146 1435 me

130 1456 221 1521 adire
240 1455 395 1541 oportuit,
417 1459 582 1540 praesunt,
600 1452 724 1540 gratias
743 1475 840 1538 quam
860 1456 1018 1520 maximas
1037 1479 1144 1544 agam.

130 1543 219 1609 Nam
252 1565 379 1626 omnes,
410 1543 603 1628 quibuscum
632 1541 703 1626 ipse
732 1544 882 1627 conveni,
914 1544 1145 1612 liberalissime

128 1632 322 1698 facultatem
344 1631 469 1698 codices
493 1631 580 1716 apud
603 1652 637 1695 se
662 1630 851 1697 adservatos
875 1632 1005 1699 videndi
1023 1635 1075 1699 vel
1094 1658 1146 1700 ex·

130 1722 283 1807 cerpendi
310 1721 391 1785 mibi
415 1720 585 1803 dederunt,
613 1719 714 1785 ceteri
736 1718 804 1784 fere
827 1741 949 1805 omnes,
972 1744 1052 1807 quos
1076 1746 1146 1807 pre·

130 1810 221 1876 cibus
246 1811 325 1887 adii,
350 1808 475 1876 codices
499 1832 519 1874 a
542 1830 594 1873 me
616 1810 751 1892 rogatos
775 1809 826 1873 vel
850 1809 892 1874 ad
916 1812 1145 1877 conferendum

130 1899 213 1963 mihi
236 1899 394 1964 miserunt
418 1898 468 1963 vel
492 1898 527 1962 in
549 1919 659 1962 meum
682 1918 776 1961 usum
796 1905 1033 1982 excerpserunt.
1071 1901 1145 1966 Plu·

128 1987 250 2052 rimum
270 1991 379 2052 autem
397 1985 643 2052 benevolentIae
663 1989 695 2049 et
714 1985 911 2071 benignitati
930 1990 1144 2075 magistratus

130 2076 209 2157 eius,
233 2076 289 2162 qui
312 2075 425 2158 cultui,
447 2074 622 2140 eruditioni
646 2073 796 2158 publicae
819 2074 979 2159 rebusque
1003 2078 1144 2142 medina·

128 2165 216 2230 libus
240 2167 383 2249 praeest,
411 2186 462 2229 me
488 2162 603 2228 debere
628 2161 737 2227 animo
761 2163 988 2230 venerabundo
1013 2170 1046 2230 et
1069 2187 1143 2252 gre·

128 2253 258 2318 tissime
277 2253 442 2319 confiteor.
480 2250 640 2317 Subsidiis
659 2251 745 2315 enirn
765 2273 816 2316 me
835 2252 1001 2337 instruxit,
1025 2256 1144 2339 quibus

129 2343 201 2406 fieri
227 2342 349 2427 potuit,
376 2344 414 2406 ut
440 2340 566 2406 codices
589 2339 721 2406 quenci
744 2341 1057 2423 praestantissimos,
1088 2344 1144 2430 qui

129 2430 165 2494 in
187 2430 359 2495 Britannia
382 2429 604 2513 adservantur,
626 2429 824 2513 perscrutari
847 2451 988 2514 possem.

170 2586 1144 2676 DabamRegimontiBondieXVIIImenslanuariia.l886.

887 2746 923 2815 O.
947 2748 1097 2817 Marold.

198 2924 299 3012 Signa
331 2927 475 2992 codicum
508 2930 654 3009 repetere
682 2926 812 3010 omitto,
840 2925 896 2990 sed
923 2925 985 2990 hoc
1012 2931 1143 2993 tantum

128 3014 215 3098 dico,
243 3015 356 3081 littera
385 3014 411 3080 0
441 3014 566 3080 codices
596 3035 708 3079 omnes
735 3014 787 3078 vel
817 3017 940 3079 ceteros
970 3036 1081 3081 omnes
1110 3021 1143 3082 et
1275 3028 1276 3041 ¹

129 3103 286 3169 asterisco
304 3107 402 3169 notae
418 3103 537 3169 codicis
552 3101 702 3188 adposito
717 3124 847 3167 manum
862 3104 1003 3188 primam
1018 3104 1142 3171 duobus

129 3213 262 3258 manum
285 3191 477 3259 correctoris
501 3191 687 3278 significari.
