2600 3934
174 176 221 242 86
594 174 705 234 LIBER
721 175 769 233 Π.

179 319 214 387 Si
237 320 334 388 sciret
357 324 481 386 certum
503 320 592 387 furis'
608 321 761 386 insistere
783 325 914 405 tempus

178 409 320 495 Quisque
344 411 459 476 domus
482 415 606 493 custos,
628 410 783 495 vigilaret
805 412 839 474 et
863 409 961 475 obvia
982 408 1087 475 ferret
1143 426 1198 476 180

176 498 280 564 Arma
302 500 428 584 procul,
451 503 565 585 ruptas
588 520 629 563 nc
653 498 726 582 quis
748 499 937 582 penetraret
959 498 995 562 in
1017 498 1123 566 aedes.

179 584 243 653 Sed
264 599 324 653 vos
346 587 480 653 intentis
504 587 621 652 animis
645 586 795 652 adsistite
819 607 956 670 semper,

175 675 326 760 Namque
348 677 536 761 repentinus
559 676 652 741 vobis
676 675 869 759 subitusque
891 679 1036 740 recurret

176 764 279 831 Filius
301 766 365 830 huc
387 764 528 829 hominis
551 764 649 829 iustis
672 786 733 829 sue
755 763 900 849 praemia
923 785 1068 829 servans.

177 851 238 919 Ille
261 852 365 920 fidelis
389 853 452 918 erit
475 875 601 937 servus,
624 852 676 918 cui
698 853 827 917 credere
850 855 967 919 cuncta
1141 868 1195 920 185

176 941 282 1008 Aedes
307 945 339 1006 et
360 941 502 1008 famulos
526 941 632 1007 voluit
654 963 713 1026 per
735 941 836 1027 longa
858 940 1025 1025 profectus

176 1026 238 1094 Vir
259 1034 355 1116 pater
375 1030 446 1115 ipse
469 1030 596 1096 domus:
621 1029 750 1115 sapiens
773 1029 975 1113 nimiumque
998 1030 1131 1116 beatus,

178 1116 281 1194 Quem
303 1119 437 1185 veniens
461 1117 620 1184 Dominus
644 1122 828 1183 servantem
851 1119 941 1183 iusso
963 1118 1096 1185 videbit

95 1276 101 1289 ¹
177 1204 277 1274 Illum
301 1207 419 1275 maiori
441 1208 600 1273 famulum
623 1207 791 1272 redimibit
811 1205 944 1272 honore.

177 1296 241 1361 Ast
263 1296 321 1362 ille
343 1296 470 1379 infelix,
493 1297 549 1381 qui
572 1295 704 1361 sordide
726 1296 909 1383 luxuriatus
1140 1313 1195 1362 190

177 1383 375 1452 Terdantem
398 1388 606 1471 contempnet
628 1385 757 1468 herum,
779 1383 986 1470 famulosque
1007 1384 1157 1471 fatigans

175 1470 375 1541 Verberibus
400 1475 555 1559 segnique
577 1473 750 1559 indulgens
773 1473 926 1538 ebrietati

176 1560 431 1629 Luxurioscrum
452 1563 603 1629 convivia
625 1562 873 1648 concelebrarit3

175 1648 338 1717 Adveniet
362 1653 512 1718 dominus
537 1672 730 1734 servumque
752 1650 885 1715 incauta
907 1649 1071 1715 furentem

175 1737 392 1825 Praecipitem
415 1741 523 1826 dignis
546 1761 724 1825 poenarum
749 1738 895 1804 cladibus
918 1739 1024 1804 abdet
1141 1756 1193 1806 195

175 1827 272 1892 Illum
294 1833 471 1913 perpetuus
494 1828 588 1894 fletus
612 1828 798 1912 stridorque
821 1827 994 1892 manebit.“

219 1914 392 2002 „Conferri
413 1921 553 2002 possunt
576 1918 729 1983 caelestia
751 1936 853 2000 regna
875 1915 993 2000 puellis

175 2003 233 2070 Bis
257 2006 378 2092 quinis,
400 2028 478 2091 pars
502 2010 552 2072 est
574 2027 712 2091 quarum
735 2003 914 2089 sapientior
936 2026 1015 2087 una,

176 2094 293 2160 Altera
314 2096 626 2180 praestupido'pars
650 2097 702 2159 est
725 2092 937 2176 stolidissima
960 2093 1064 2158 corde.

177 2181 353 2249 Occurrere
376 2185 454 2249 illae
476 2185 562 2250 votis
587 2182 794 2268 sponsalibus
818 2204 929 2247 omnes
1139 2199 1194 2249 too

177 2270 304 2337 Ornatu
327 2273 490 2339 accinctae
513 2272 681 2337 taedarum
704 2271 1024 2337 flammicomantum.

175 2356 240 2425 Sed
262 2362 392 2445 sapiens
415 2383 492 2447 pars
516 2362 586 2446 illa,
610 2361 674 2426 sibi
696 2381 761 2444 quo
784 2358 909 2423 lumina
930 2358 1083 2424 flammae

175 2445 375 2534 Susciperet,
397 2454 530 2533 portare
554 2450 652 2514 simul
674 2449 811 2514 curabat
834 2446 966 2513 olivum.

175 2534 360 2603 Stultorum
382 2559 460 2603 vero
482 2559 549 2603 ncn
572 2542 622 2602 est
643 2536 818 2622 prudentia
839 2537 925 2602 talis.

176 2623 322 2711 Cumque
344 2630 526 2692 moraretur
550 2648 701 2712 sponsus,
724 2630 796 2690 tum
820 2626 966 2690 membra
989 2645 1108 2709 sopore
1137 2641 1193 2692 aco

176 2713 356 2782 Solvuntur
378 2720 513 2782 cunctae
535 2736 594 2800 per
616 2714 758 2798 compita
780 2714 851 2779 lata
872 2714 1010 2780 viarum.

174 2803 245 2871 Iam
268 2806 374 2871 noctis
398 2805 503 2870 medio
527 2804 651 2869 clamor
673 2803 874 2869 crebrescere
897 2820 1036 2889 magnus

174 2893 346 2979 Exoritur,
369 2896 520 2979 laetoque
544 2892 660 2957 dehinc
684 2912 851 2957 cucumere
874 2895 951 2955 voto

175 2981 356 3048 Admonuit
378 2983 548 3066 taedisque
570 2982 641 3045 vias
666 2999 782 3045 ornare
806 2979 958 3043 coruscis.

176 3068 314 3155 Surgere
337 3071 520 3158 virginibus
543 3071 768 3155 properatum,
791 3071 825 3131 et
847 3067 973 3132 lumine
994 3065 1099 3131 taedis
1137 3082 1193 3131 210

248 3250 298 3300 179
316 3245 433 3300 fures·
443 3244 527 3299 rebus
542 3243 642 3299 MRA
655 3243 665 3312 ΙΙ
680 3247 731 3297 185
750 3244 865 3297 cunctas
880 3242 919 3295 M
921 3240 1022 3297 12130’
1035 3243 1046 3311 l
1059 3246 1111 3297 190
1129 3257 1194 3297 sor-

175 3317 241 3372 dide
259 3316 332 3370 EM
349 3316 359 3383 ΙΙ
385 3319 436 3369 191
456 3317 638 3384 contempnat
655 3314 727 3368 ΕΜ
748 3317 753 3382 1
779 3312 903 3382 fatigem
922 3311 965 3381 0¹,
988 3312 1192 3381 fatiscunt,

174 3387 297 3468 fatigans
312 3385 338 3439 Τ
347 3383 476 3455 V¹Matl
491 3390 541 3438 193
562 3383 770 3439 concelebraret
781 3383 821 3439 0¹·
830 3384 849 3451 ³,
869 3331 1194 3467 00n0012blllllliM(·b¹f²·

175 3456 219 3577 igi
227 3453 543 3594 ξ’ὲῆυοοὲοὲτιαὲαὲ
555 3454 603 3521 R„
619 3455 828 3509 concelebramt
846 3454 911 3509 Mat
923 3457 933 3525 t
946 3459 1000 3509 210
1016 3457 1195 3524 properatim

248 3542 267 3596 ρ
372 3540 402 3578 es
545 3540 578 3577 cr
