2600 3934
158 112 202 178 64
574 111 686 165 trena
704 109 753 165 111.

158 256 204 322 Et
226 256 367 340 quaerit,
391 276 487 338 quem
511 275 545 319 se
567 255 762 337 populorum
785 254 876 318 fama
898 258 1039 339 putaret.
1121 271 1174 321 260

158 344 383 428 Respondent,
406 343 526 408 multas
549 341 656 427 plebis
679 346 757 407 luno
780 363 851 410 esse
873 342 1049 425 loquellas:

158 431 312 498 Crebrius
335 430 463 496 audisse
486 434 520 495 et
541 430 663 495 multos
686 430 830 511 firmare,
853 430 940 514 quod
963 434 1050 496 esset

157 521 270 585 Iustus
292 514 472 603 Iohannes,
494 518 635 604 populos
659 518 716 602 qui
737 518 869 584 flumine
892 518 985 583 lavit.

158 610 240 675 Pars
263 611 425 673 memorat
447 607 588 672 volueris
611 606 719 674 famae
742 607 807 671 sibi
829 607 963 692 cognita
984 607 1088 672 verba

159 696 291 761 Heliam
314 695 441 760 venisse
463 696 596 777 iterum,
619 715 717 779 quem
738 697 894 779 praepete
917 703 1014 760 curru
1125 709 1177 760 265

159 784 302 850 Turbine
326 783 461 851 caelesti
484 784 647 867 quondam
669 783 826 848 simulata
848 782 1017 867 quadrigis

158 872 269 938 Astris
291 871 430 936 inseruit
451 872 585 955 rapidae
607 871 659 936 vis
681 870 809 937 fervida
830 871 992 940 flammae.

159 960 359 1025 Hieremiam
382 960 490 1024 dixere
514 959 585 1042 alii,
608 980 686 1042 pars
709 981 779 1025 esse
803 958 1026 1043 prophetam.“

158 1048 249 1114 Tune
273 1046 425 1114 Christus
448 1048 572 1114 eunetis
595 1047 743 1112 arridens
765 1052 897 1132 pestere
920 1047 1043 1114 blando

160 1134 347 1222 Conquirit,
359 1158 452 1221 quae
476 1135 520 1200 sit
543 1136 708 1200 sententia
729 1135 973 1220 discipulorum
1125 1150 1179 1201 2⁷0
1275 1207 1276 1212 γ

163 1223 226 1289 Sed
249 1224 381 1291 stabilis
403 1223 534 1288 Petrus:
556 1222 625 1307 „Tu
648 1222 760 1289 Sancti
781 1224 882 1301 filius,
905 1223 1026 1308 inquit,

162 1311 331 1397 Christus,
350 1312 524 1398 magnifico
547 1315 652 1376 terras
675 1313 732 1395 qui
753 1311 875 1378 lumine
898 1311 1071 1396 comples.“

160 1399 243 1465 Tum
265 1399 426 1465 Dominus
450 1400 530 1465 forti
552 1399 722 1484 respondit
744 1400 826 1466 talia
847 1398 960 1465 Petro:

159 1488 278 1573 „Petre
300 1488 416 1554 beatus
440 1489 518 1573 eris,
539 1509 618 1553 nam
640 1488 723 1552 talia
744 1488 885 1571 pandere
908 1491 996 1553 certe

160 1576 332 1642 Humerus
356 1576 490 1662 sanguis
513 1577 566 1642 vel
587 1580 696 1641 terrae
718 1576 826 1659 portio
850 1598 967 1659 eorpus
1125 1591 1180 1644 2⁷5
1275 1579 1276 1644 3

161 1665 253 1730 Haut
275 1687 431 1749 umquam
453 1665 584 1749 poterit.
621 1662 787 1730 Genitoris
810 1686 946 1730 munera
970 1666 1042 1730 sola

159 1752 303 1820 Possunt
326 1757 396 1818 tem
417 1752 561 1818 validum
583 1752 661 1817 fidei
682 1752 857 1819 eoneedere
878 1753 987 1820 robur.

162 1842 211 1906 Tu
233 1863 354 1908 nomen
376 1840 467 1906 Petri
491 1841 590 1926 digna
612 1841 734 1916 rirtute
756 1841 868 1910 tueris.

163 1929 235 1996 Hae
257 1930 292 1995 in
314 1929 400 1995 mole
424 1929 505 1994 mibi
528 1929 662 2015 saxique
684 1931 719 1993 in
740 1931 859 1997 robore
881 1951 1003 2013 ponam

163 2018 297 2103 Semper
320 2040 489 2083 mansuras
514 2019 654 2083 aeternis
677 2018 848 2083 moenibus
871 2018 975 2084 aedes.
1126 2033 1180 2083 280

161 2106 303 2171 Infernis
327 2106 442 2171 demus
465 2107 546 2173 haee
568 2129 636 2173 non
660 2106 884 2191 exsuperabile
906 2106 1013 2190 portis

163 2193 352 2261 Oleastrum
374 2198 530 2280 perpetuo
555 2196 717 2260 munitum
740 2196 858 2260 robore
879 2194 1029 2280 habebit,

162 2282 384 2368 Caelestisque
406 2283 468 2349 tibi
491 2284 600 2348 eleves
623 2283 828 2350 committere
850 2283 946 2369 regni

162 2371 225 2436 Est
249 2371 390 2454 animus,
412 2370 574 2455 terrisque
595 2375 654 2438 tuo
678 2394 760 2455 quae
782 2393 865 2437 nexa
887 2371 1051 2457 relinques

162 2458 323 2539 Arbitrio,
346 2459 436 2524 eaelo
459 2461 583 2544 pariter
605 2459 728 2525 nodata
751 2461 944 2544 manebunt3
1125 2476 1179 2527 28⁶

163 2545 307 2614 Solverit
329 2550 362 2613 et
383 2569 496 2613 rursus
519 2550 578 2612 tua
601 2570 684 2632 quae
707 2549 871 2614 sententia
893 2550 1005 2633 terris,

163 2635 256 2702 Haut
279 2635 375 2702 aliter
397 2635 528 2701 venient
551 2636 633 2702 eaeli
658 2637 718 2701 sub
742 2637 818 2702 sede
841 2637 958 2703 soluta.

164 2721 228 2791 Sed
251 2747 309 2791 vos
334 2723 484 2809 discipuli
507 2722 676 2790 Christum
700 2747 752 2790 me
776 2725 883 2790 dieere
906 2725 1030 2791 eunetis

112 2827 115 2830 ’
162 2813 306 2898 Perdite,
329 2834 392 2897 quo
416 2813 479 2879 soli
503 2817 701 2898 cognoscant
723 2813 804 2879 talia
828 2814 927 2900 digni.

163 2901 234 2966 Iam
256 2902 312 2967 lux
335 2901 484 2967 adveniet
506 2901 655 2987 properis
679 2901 761 2966 mihi
783 2904 933 2968 cursibus
955 2901 1099 2990 instans,
1126 2918 1180 2971 290

162 2988 334 3054 Moenibus
357 2990 392 3054 in
416 2988 557 3074 Solymis
580 2990 689 3055 rabies
713 3013 787 3055 eum
809 3013 915 3074 prona
935 2990 1045 3058 furore

163 3076 311 3142 Eximios
335 3081 448 3142 vatum
472 3079 635 3144 saturabit
658 3079 817 3165 sanguine
839 3084 963 3147 nostro.

163 3165 228 3232 Ast
250 3166 307 3230 ubi
329 3165 495 3232 lucifluum
518 3167 630 3233 reddet
654 3168 704 3233 sol
726 3169 844 3234 tertius
868 3174 991 3253 ortum,

233 3309 285 3359 265
304 3320 415 3359 currum
435 3303 478 3372 0¹,
497 3320 580 3359 eurru
602 3304 652 3373 V’,
671 3323 768 3373 eursu3
786 3308 821 3375 ef.
843 3308 931 3363 Pare.
952 3306 1111 3363 (flamm
1123 3307 1180 3380 321}

164 3375 344 3510 {galim
372 3375 410 3429 M
414 3375 438 3442 *,
466 3375 551 3431 robur
573 3378 583 3446 fl
605 3382 659 3436 28³
686 3379 850 3447 permittere
875 3378 948 3434 MR
958 3379 1074 3435 V¹Mot
1093 3381 1105 3450 fl
1127 3383 1181 3435 289
