2600 3934
525 186 559 244 V.
579 194 728 245 ooo-6⁷2.
1085 188 1135 255 97

111 329 162 395 At
185 328 304 395 Petrus
327 331 426 417 longe
449 353 580 397 servans
605 333 743 417 vestigia
767 334 856 399 solus

112 417 249 484 Occulte
272 422 416 484 maestus
440 420 524 485 sedit
547 443 620 486 eum
643 422 737 506 plebe
761 423 911 487 ministra
1078 439 1131 489 540

111 506 311 573 Extremum
333 509 504 592 opperiens
527 512 621 574 tauto
645 510 706 574 sub
729 510 859 575 turbine
882 510 987 576 finem.
1137 518 1150 532 ⁸

112 595 200 660 Ecce
223 595 408 662 sacerdotes
431 595 534 662 falsos
558 599 747 682 conquirere
770 602 871 664 testes

111 682 313 749 incumbunt
333 684 491 769 fictasque
513 686 629 750 volunt
653 690 823 752 5055555555
846 708 971 769 causas,

113 771 196 848 Quis
219 776 360 837 mortem
382 772 507 838 insonti
528 777 663 858 possent
685 775 839 858 inponere
862 774 1002 842 Christo.

114 858 179 925 Sed
201 860 313 926 nullus
336 865 431 927 tanto
454 862 544 927 visus
569 862 648 927 satis
671 883 744 927 esse
766 862 877 927 furori.
1078 882 1130 931 545

113 947 245 1013 Ultima
267 949 442 1033 prosiliunt
464 954 579 1035 555555,
602 951 659 1035 qui
682 951 786 1017 dioere
808 951 917 1016 Iesum

113 1036 309 1122 Audissent,
332 1038 490 1122 templum
514 1038 600 1122 quod
623 1039 713 1105 solus
735 1042 862 1105 vertere
885 1044 998 1124 posset

112 1125 162 1190 Et
186 1147 316 1191 vorsum
338 1126 435 1191 trinis
457 1126 577 1192 iterum
600 1128 784 1193 instaurare
806 1128 929 1194 diebus.

112 1212 190 1298 Ipse
214 1214 420 1280 sacerdotum
443 1216 593 1301 princeps
615 1235 733 1301 urgere
754 1220 917 1284 tacentem

111 1300 246 1368 Insistit
269 1302 420 1368 frendens
443 1304 536 1369 furiis
558 1326 597 1369 ae
619 1305 702 1369 talia
723 1304 829 1370 fatur:
1077 1325 1129 1374 550

111 1388 205 1474 „Cur
226 1392 311 1456 nihil
335 1393 375 1457 ad
397 1395 509 1458 tantas
531 1414 617 1458 nunc
638 1393 835 1478 respondere
857 1396 1018 1477 querellas

113 1477 295 1546 Convictus
318 1480 403 1546 veris
426 1502 597 1566 procerum
614 1482 682 1546 sub
704 1482 845 1547 testibus
868 1483 990 1548 audes?

113 1566 286 1634 Adiurabo
309 1573 421 1634 tamen
443 1570 563 1637 summi
585 1591 644 1655 per
666 1591 769 1656 regna
791 1571 951 1654 tonantis,

112 1655 164 1721 Ut
186 1655 312 1722 fateare
334 1658 457 1744 palam,
481 1658 582 1724 silas
605 1662 639 1724 te
661 1659 791 1725 credere
810 1656 1008 1726 Christun.“

111 1743 177 1808 Ille
201 1745 318 1812 dehinc
337 1747 400 1811 tali
423 1748 598 1830 compellat
620 1768 699 1813 voce
723 1748 911 1832 superbum:
1077 1766 1128 1815 555

111 1832 247 1916 ,,Ι55550
270 1835 341 1900 5515
363 1834 426 1900 tibi
449 1835 628 1921 procedunt
650 1840 780 1921 pectore
806 1836 903 1900 rerba

111 1920 204 1987 Vera
226 1927 298 2007 tu03
321 1923 428 1988 veniet
452 1923 546 1989 vobis
566 1919 703 1989 uisenda
723 1946 783 2009 per
805 1945 901 1989 auras

111 2008 271 2075 Maiestas
294 2012 398 2096 prolis
421 2012 576 2096 hominis,
598 2033 673 2078 cum
696 2012 828 2077 dextera
851 2016 983 2078 5555555

111 2097 243 2164 Virtuti
266 2100 392 2165 adsidet
415 2101 475 2166 sub
494 2101 639 2166 nubibus
661 2100 880 2187 ignicoloris.“

112 2187 252 2253 Talibus
280 2188 399 2254 auditis
423 2189 543 2254 scindit
565 2190 604 2254 de
626 2196 756 2273 pectore
778 2193 903 2254 vestem
1078 2207 1130 2257 550

111 2275 276 2342 Exultans
299 2276 393 2342 furiis
416 2281 450 2342 et
472 2299 567 2343 caeco
590 2277 686 2343 corde
708 2277 858 2343 sacerdos

113 2362 226 2449 Atque
249 2367 309 2431 ait:
331 2366 499 2450 „Audistis
521 2366 701 2454 pugnantis
723 2366 819 2432 foeda
841 2366 970 2450 profani

112 2451 227 2518 Verba
250 2453 335 2541 De03
356 2455 483 2540 polluta
505 2455 611 2541 magis
633 2459 811 2540 consurgat
832 2455 868 2520 in
889 2455 956 2520 iras

113 2540 247 2628 Religio
272 2546 305 2608 et
327 2547 470 2609 vestram
493 2545 603 2609 cuncti
624 2544 692 2610 iam
714 2543 848 2628 paudite
871 2545 1040 2610 menteuc“

115 2627 332 2697 Conclamant
355 2653 468 2698 omnes
490 2631 653 2718 mortique
676 2632 823 2698 addicere
846 2636 978 2698 5555555
1077 2648 1129 2700 555

114 2718 201 2783 Tum
225 2724 372 2786 sanctam
396 2719 519 2786 Christi
541 2720 659 2785 faciem
683 2724 780 2805 sputa
797 2722 946 2807 improba
963 2723 1130 2805 complent

114 2807 161 2872 Et
183 2808 313 2892 palmae
336 2809 430 2874 malis
454 2808 647 2894 colaphique
670 2809 705 2874 in
727 2810 847 2874 vertice
870 2808 976 2873 crebri

113 2894 284 2961 Insultant
306 2898 478 2982 verbisque
500 2919 613 2963 ornnes
636 2897 781 2963 inludere
804 2897 942 2962 55555555

112 2981 284 3069 „Christe,
306 2985 533 3071 prophetabis,
556 2987 647 3052 euius
667 2986 733 3051 tibi
755 2986 866 3071 palma
888 2986 1049 3052 sonaritl“

159 3073 207 3136 At
229 3073 364 3140 Petrum
386 3075 503 3141 mulier
526 3075 657 3140 tristem
680 3076 766 3160 quod
787 3074 915 3151 viderat
936 3075 1040 3161 intus,
1077 3094 1129 3144 550

113 3159 224 3241 ,,Τ555
247 3163 361 3248 etiam,
384 3164 521 3249 iuvenis,
544 3164 654 3229 fueras
677 3186 784 3230 eomes
808 3163 949 3247 additus,
972 3165 1093 3250 inquit,

115 3247 192 3335 Isti,
217 3272 313 3337 quem
336 3252 449 3318 ludens
472 3274 643 3338 procerum
667 3251 828 3319 sententia
851 3252 1029 3318 (15555555α

189 3392 243 3445 546
261 3388 367 3445 Ultimo
385 3390 472 3460 RH}
489 3391 630 3447 Christum
649 3392 721 3447 ΒΜ
738 3396 749 3461 ΙΙ
772 3397 822 3447 550
841 3391 951 3447 fervens
969 3392 1040 3446 ΒΜ
1048 3396 1059 3461 ΙΙ
1077 3399 1128 3449 661

113 3457 233 3515 Exultat
252 3462 301 3528 Μ,
324 3461 464 3517 Insultans
482 3463 557 3530 ΒΑ,
582 3464 706 3518 Insultat
730 3464 853 3534 V²11562
873 3462 984 3518 Auditis
1004 3464 1062 3534 Ml
1077 3470 1129 3519 563

113 3529 199 3622 ¹naulis
218 3531 373 3601 1511511567
392 3530 423 3587 in
440 3533 523 3589 malis
543 3532 582 3589 0ι
594 3536 605 3603 l
619 3538 671 3589 666
690 3535 804 3590 sonaret
820 3532 903 3588 RM‘

169 3631 182 3670 1
183 3641 293 3672 nnnnnnn
953 3627 969 3676 7
