2600 3934
130 137 170 192 VI
495 135 781 192 PROLEGOMENA.

130 286 239 348 ortum
268 286 318 347 est
346 278 411 366 (vel
435 280 579 366 lubenti,
606 303 685 346 nam
712 282 733 346 b
761 303 822 366 pro
849 305 870 347 v
900 303 996 365 saepe
1018 282 1054 347 in
1076 282 1151 347 Mat

129 372 276 455 positum
298 367 373 456 est),
399 373 432 435 et
455 374 571 453 postea
592 368 744 435 Iuventii.
790 367 943 436 Ceterum
964 391 1032 436 non
1055 370 1148 436 omit

130 460 263 524 tendum
281 462 370 543 puto,
389 461 522 542 poetam
540 462 691 524 nostrum
709 480 777 523 non
791 458 898 523 solum
912 459 1148 543 presbyterum,

129 551 168 612 ut
195 548 232 612 in
258 546 408 613 omnibus
431 546 499 612 fere
522 547 704 632 codicibus,
728 548 784 613 sed
807 547 908 612 etiam
928 569 961 636 l·
984 569 1021 631 a,
1043 547 1076 611 id
1099 551 1150 614 cst

129 636 237 701 virum
265 635 496 720 clarissimum,
522 637 558 701 in
585 636 751 703 codicibus
780 634 902 718 mc
930 639 963 701 ct
984 635 1021 700 in
1042 636 1149 702 tribus

130 724 221 790 codd.
252 745 335 790 saec.
362 723 424 789 XV
456 726 631 808 nominari,
665 725 751 809 quod
784 725 864 810 quin
891 724 1149 791 additamentum

129 811 338 878 librariorum
372 813 415 878 sit
444 835 540 879 nemo
574 813 738 879 dubitabit
770 811 870 900 (sicut
901 814 936 878 in
969 814 1037 879 cod.
1066 813 1148 881 Bod.

129 903 291 987 „optimus
318 905 417 986 poeta
444 903 535 968 urbis
559 901 702 968 Romae“
729 906 762 968 et
785 906 915 987 „orator
937 903 991 969 rel
1014 901 1147 969 rethor“

130 989 340 1077 appellatur).

196 1078 280 1143 Tum
318 1078 403 1164 quod
440 1079 482 1143 ad
513 1101 635 1145 nomen
667 1079 775 1164 operis
808 1080 987 1165 euangelici
1019 1080 1147 1163 attinet,

128 1167 268 1233 titulum
291 1167 372 1233 illud
394 1168 604 1233 notissimum
628 1169 714 1253 quod
737 1174 788 1234 est
809 1168 1009 1253 ,Historia
1032 1190 1147 1234 avan·

130 1253 281 1342 gelica“
299 1252 366 1321 n'on
384 1256 560 1342 genuinum
580 1257 637 1322 sed
657 1258 698 1323 ab
713 1256 798 1322 Aldu
817 1258 933 1342 primo,
945 1262 993 1323 'ut
1007 1257 1147 1342 videtur,

129 1344 294 1410 codicibus
312 1344 425 1410 invitis
441 1345 623 1412 adhibitum
637 1351 698 1411 est.
730 1344 818 1412 Nam
832 1343 874 1413 0¹
889 1347 1145 1431 subscriptiones

129 1455 229 1518 supra
246 1437 380 1499 notatas
398 1434 544 1519 praebet,
563 1435 604 1500 ad
623 1457 704 1519 quas
724 1434 870 1500 addenda
883 1439 934 1500 est
949 1435 1147 1519 subscriptio

128 1522 206 1587 libri
238 1521 302 1586 HI:
334 1523 578 1607 Evuaqelioram
611 1524 688 1590 liber
720 1525 828 1590 tertius
857 1524 990 1606 explebit.
1036 1523 1147 1609 Atque

128 1610 192 1676 hoo
223 1612 321 1677 modo
352 1611 582 1697 inscriptiones
611 1613 662 1677 vel
692 1612 947 1697 subscriptiones
974 1609 1146 1697 proferunt

129 1699 256 1766 codices
285 1700 384 1766 ceteri
410 1701 478 1765 fere
502 1723 614 1766 omnes
637 1702 690 1767 vel
712 1701 943 1786 recentissimi,
972 1702 1037 1766 nisi
1059 1700 1147 1766 addi·

128 1791 276 1854 tamenta
298 1789 423 1854 leviora
445 1788 607 1855 interdum
627 1790 778 1875 adposita
796 1793 882 1875 sunt,
905 1791 994 1856 velut
1012 1789 1148 1855 versibus

127 1877 163 1942 in
176 1877 209 1942 R
223 1874 268 1963 (v.
287 1874 400 1964 supra)
422 1874 680 1962 V1·²Mpa1us.
725 1878 776 1943 Ex
794 1880 839 1944 M
856 1879 955 1945 etiam
973 1878 1012 1944 da
1031 1879 1092 1944 hac
1111 1901 1146 1944 re

129 1965 213 2031 nihil
247 1964 402 2052 colligere
434 1967 525 2050 licet,
558 1989 632 2032 cum
663 1967 748 2032 nihil
780 1967 869 2033 aliud
897 1967 983 2053 quod
999 1966 1052 2052 ad
1078 1989 1147 2032 rem

128 2055 293 2138 pertineat
315 2054 351 2118 in
374 2076 412 2120 eo
435 2054 614 2120 habeamus
637 2055 703 2120 nisi
724 2055 760 2120 in
778 2057 886 2142 capite
903 2056 1006 2122 totius
1025 2056 1147 2140 operis:

127 2140 248 2225 Iaciprit
270 2143 421 2227 prolapus
453 2144 607 2227 euuapdic'
633 2163 788 2209 casamo.
835 2143 949 2231 Itaque
977 2145 1062 2209 nihil
1087 2144 1148 2209 im-

128 2231 227 2313 pedit,
246 2232 324 2316 quin
343 2254 455 2297 veram
475 2233 583 2317 operis
597 2232 845 2318 inscriptionem
860 2234 907 2298 sio
920 2233 1148 2298 restituamus:

127 2318 263 2384 LIBER
304 2318 663 2386 EVANGELIORUM
704 2321 757 2386 vel
793 2320 915 2387 LIBRI
949 2319 1149 2386 EVANGE·

127 2406 300 2473 LIORUM
313 2407 390 2473 Im
427 2407 516 2484 Quae
535 2410 707 2494 inscriptio
725 2409 811 2474 libro
830 2410 872 2475 ab
888 2408 1018 2476 Otfrido
1032 2413 1146 2475 nostro

128 2497 315 2668 bittit
329 2497 1147 2669 §ttttttftttuttttttdttttt

127 2677 166 2738 ut
194 2695 275 2757 opus
304 2695 399 2738 suum
426 2674 469 2738 ab
497 2696 594 2760 opere
617 2674 761 2759 quenci,
789 2698 885 2761 quem
908 2637 982 2741 oiim
1004 2639 1147 2741 Aratord

129 2764 162 2826 et
180 2760 358 2827 Prudentia
381 2762 416 2827 in
439 2762 640 2829 dedicatione
665 2764 706 2830 ad
726 2763 935 2830 Luitbartum
959 2764 1037 2830 data
1059 2786 1146 2831 com-

127 2853 298 2933 memorat,
322 2850 548 2937 distingueret.

194 2937 432 3023 Hieronymum
453 2940 519 3005 alia
532 2940 665 3006 Iuvenci
679 2943 838 3027 opuscula
850 2942 970 3009 vidisse
985 2964 1024 3007 ex
1037 2942 1147 3007 verbis

129 3028 197 3094 eius
223 3049 323 3111 supra
345 3027 488 3093 laudatis
512 3033 650 3115 constat,
674 3031 731 3095 sed
753 3031 836 3096 nihil
858 3031 963 3097 adhuc
981 3035 1147 3115 repertum
1191 3043 1194 3050 '

129 3120 188 3182 cst.
224 3114 311 3182 Nam
328 3117 539 3202 paraphrasis
554 3118 716 3185 librorum
731 3121 932 3204 quorundam
947 3119 1147 3185 Testamenti

127 3204 271 3287 Veteris,
295 3226 378 3289 quac
405 3206 441 3271 in
468 3207 634 3273 codicibus
663 3208 789 3274 duobus
819 3207 1070 3275 corbeiensibus
1094 3206 1146 3271 Iu-

128 3314 229 3358 veneo
249 3293 452 3379 adscribitur,
474 3297 585 3381 potius
605 3294 763 3382 Cypriani
782 3295 881 3383 est.*)
921 3296 983 3363 Sed
1002 3295 1146 3362 carmina

199 3413 378 3483 *leunculus
403 3432 477 3471 nunc
502 3416 537 3471 de
558 3416 611 3472 illo
634 3434 719 3488 opere
737 3418 770 3473 R.
789 3418 839 3473 Pei
860 3417 901 3474 eri
924 3418 1094 3475 sententiam
1116 3417 1147 3472 in

128 3483 272 3549 prooemio
292 3482 423 3542 editionis
442 3500 559 3554 opcrnm
576 3487 656 3545 Aviti
673 3506 702 3559 p.
721 3489 771 3545 LX
789 3506 840 3561 pro
871 3491 939 3545 tam.
