2600 3934
138 135 178 196 1v
503 137 788 194 PROLEGOHENA.

139 289 269 351 tentum
287 285 396 367 habui,
416 283 533 369 quibus
551 283 587 348 in
604 286 697 347 textu
712 284 938 349 constituendo
952 284 1002 349 uti
1015 306 1155 369 possem.

139 373 180 440 Α.
205 375 292 440 1870
319 372 355 438 0.
379 372 472 437 Korn
499 372 709 437 collationem
736 392 839 456 paene
867 376 1013 437 exactam
1036 373 1155 439 codicis

139 460 412 528 Helmstediensis
440 482 523 527 saec.
550 459 598 525 XI
625 464 659 525 et
681 458 881 526 Gedanensis
909 482 990 526 saec.
1013 460 1095 525 XIII
1121 461 1157 526 in

140 550 252 616 libello
276 548 417 635 quodam
439 549 517 633 (Die
535 549 784 630 Horrdscbriftcrr
805 550 859 615 der
880 548 1012 615 iecere
1028 570 1156 632 occupe-

141 640 202 705 Iicc
228 639 280 704 des
306 638 463 704 queneue
492 639 528 704 ire
556 637 697 722 Dorreip,
724 637 806 703 Rom
832 639 900 704 und
928 637 1158 721 Wolfenbitttel)

140 727 220 793 iuris
247 726 372 813 publici
398 726 485 792 fecit
531 727 580 792 Ac
608 726 718 791 decem
747 726 840 791 annis
867 731 944 812 post
965 724 992 791 I.
1013 725 1159 791 Huemer

141 817 178 881 in
196 814 287 881 Stud.
301 814 443 881 Vindob.
462 815 524 880 vol.
538 813 573 879 Π
591 815 855 880 dissertationem
873 816 962 898 typis
981 813 1158 897 mandavit,

143 926 225 990 quae
244 904 447 970 inscribitur:
470 903 629 969 Kritiselre
646 903 795 986 Beitrdpe
811 923 869 969 eur
886 903 1034 968 Historia
1050 902 1158 968 Bim-

138 994 240 1075 peiico
267 994 318 1058 des
344 991 499 1058 Iuvencus
521 991 548 1056 I
547 1013 558 1070 ;
587 992 622 1056 in
650 1013 714 1075 qua
741 991 936 1057 lectionibus
965 990 1158 1075 quibusdam

144 1081 264 1148 codicis
283 1079 468 1146 Turicensis
488 1101 568 1145 saec.
587 1079 635 1145 IX
653 1081 745 1146 nisus
764 1080 966 1145 coniecturas
984 1079 1158 1145 nonnullas

143 1169 357 1237 commendat.

210 1257 276 1323 Uni
302 1255 504 1341 Hieronymo
538 1259 663 1321 certum
696 1256 820 1342 aliquid
851 1257 890 1321 de
921 1260 1019 1342 poeta
1046 1260 1159 1323 nostro

144 1348 309 1431 debemus,
326 1367 403 1415 nam
422 1344 521 1409 multi
540 1344 669 1429 quidem
683 1350 760 1430 post
774 1343 1010 1431 Hieronymum
1025 1346 1160 1431 scripto·

143 1457 196 1501 res
229 1435 298 1500 eius
330 1433 529 1499 mentionem
562 1432 701 1518 faciunt,
734 1433 790 1499 sed
821 1433 906 1499 nihil
936 1434 1026 1499 aliud
1053 1457 1092 1499 ex
1118 1434 1160 1499 iis

144 1529 290 1611 apparet,
308 1522 374 1587 nisi
392 1544 524 1588 carmen
543 1522 613 1588 eius
631 1522 673 1587 iis
689 1527 803 1589 notum
816 1522 926 1588 luisse.
959 1522 1162 1589 Testimonia

144 1616 253 1679 autem
278 1611 321 1677 ab
342 1610 545 1697 Hieronymo
568 1612 700 1696 prolata
721 1610 803 1677 haec
826 1616 911 1678 sunt.
950 1611 1161 1678 Uberrimum

144 1701 227 1766 illud
246 1705 304 1785 est,
324 1699 411 1784 quod
430 1700 469 1765 de
488 1700 567 1765 viris
586 1700 632 1766 ill.
653 1722 678 1766 a
693 1701 736 1766 84
751 1701 789 1766 de
804 1723 842 1767 eo
857 1700 983 1767 scribit:
1002 1702 1162 1784 Iuvencus,

142 1790 332 1857 nobilissimi
346 1790 467 1873 perieris
480 1789 649 1873 Hispanus
660 1790 826 1874 presbyter,
844 1795 991 1873 quatuor
1005 1789 1163 1873 coappelic

144 1878 330 1946 irremotus
346 1878 483 1945 ceratas
498 1899 597 1961 paene
614 1880 659 1944 ed
674 1879 798 1944 cabum
816 1880 1005 1961 treroferens
1016 1883 1163 1962 quotuor

145 1968 240 2034 libros
266 1967 436 2051 composuit
459 1967 664 2033 circinatio
684 1969 786 2034 ecdem
808 1974 904 2034 metro
926 1970 971 2034 od
990 1987 1163 2034 samarien-

145 2061 248 2123 tcrrrm
284 2057 424 2121 ordinem
455 2056 654 2139 petinentic.
703 2056 833 2122 Florait
867 2056 923 2122 sut
959 2054 1163 2122 Ocnswntirw

140 2164 293 2298 {rectem}
337 2143 472 2210 Accedit
500 2144 603 2317 qtlptilr
615 2142 763 2298 ἱᾶὲῑέἴὶη
790 2144 943 2298 οὲτφὶοο
972 2143 1013 2209 ad
1041 2167 1069 2210 a.
1098 2143 1163 2297 3129

169 2256 238 2299 101:
288 2253 420 2299 nemeae
443 2253 516 2316 pres
606 2282 616 2316 ,
704 2254 773 2299 wne
837 2254 980 2317 mnus,
1006 2253 1165 2316 occupem

146 2322 275 2387 heroine
307 2321 443 2387 casibus
469 2322 612 2405 explicat.
658 2320 728 2387 Iam
755 2323 791 2387 in
817 2322 960 2388 transitu
986 2322 1165 2387 Iuvencum
1275 2399 1278 2406 Ι

146 2410 357 2563 insipidi&
389 2410 432 2563 lii
464 2410 505 2563 ald
533 2408 693 2564 dignlm
725 2414 888 2477 oratorem
896 2409 1164 2583 fflissuhRoaee
1293 2440 1296 2458 ι

169 2521 225 2564 aa
283 2520 450 2564 isverrs
497 2521 611 2564 aua:
665 2519 796 2565 cometis
865 2521 896 2566 es
1153 2538 1164 2549 -

147 2588 285 2654 emutio
307 2587 471 2653 historiam
493 2587 628 2653 Domini
650 2589 815 2653 salvatoris
823 2522 971 2654 bardus
993 2589 1165 2670 explicavit,
1253 2618 1257 2627 ·

147 2696 203 2742 rice
214 2677 380 2759 pertimuit
396 2677 546 2760 compelii
563 2678 755 2742 maiestatem
771 2676 828 2742 seb
845 2678 937 2742 pretii
950 2677 1026 2760 tepeo
1038 2678 1165 2741 mittere.

147 2762 296 2855 Denique
319 2764 355 2829 in
378 2765 622 2831 commentariis
645 2765 681 2829 in
697 2763 817 2830 Mattlr
834 2763 851 2828 Ι
870 2765 900 2849 2,
926 2766 966 2830 11
985 2764 1038 2829 his
1057 2765 1166 2830 verbis

149 2858 266 2937 poetae
296 2855 495 2919 mentionem
522 2854 617 2920 fecit:
644 2853 855 2920 Rrieierrirrre
876 2874 1041 2920 murreum
1062 2875 1166 2921 sacro
1297 2918 1299 2929 ,

150 2947 255 3007 mereto
287 2942 438 3008 Iuvencus
464 2942 624 3028 presbyter
654 2964 717 3008 arro
747 2944 895 3010 coemto
925 2943 1166 3026 comprehendit:

154 3029 233 3109 Tris,
261 3051 376 3096 acriore
404 3035 463 3097 etc.
492 3030 536 3116 (v.
559 3030 576 3095 I
598 3031 666 3098 250
688 3029 737 3118 a).
783 3031 865 3099 Oum
888 3036 1035 3117 tempore
1059 3035 1166 3096 autem

152 3119 194 3183 ab
217 3117 418 3204 Hieronymo
447 3119 626 3187 constituto
654 3122 805 3186 convenit
834 3121 919 3207 quod
947 3120 1105 3186 Iuvencus
1133 3120 1168 3183 in

154 3207 284 3294 epilogo
307 3208 329 3272 l.
352 3206 401 3272 IV
425 3208 491 3274 805
506 3231 549 3275 ss.
571 3210 641 3295 ipsc
665 3209 753 3274 dicit.

220 3294 290 3361 Iam
312 3318 431 3362 nomen
450 3297 615 3382 integrum
633 3301 750 3382 poetae
769 3320 807 3363 er
826 3298 919 3363 libris
938 3294 1169 3380 manuscriptis

154 3383 343 3469 depromere
375 3385 463 3451 licet.
513 3385 622 3453 Codex
653 3385 740 3452 enim
772 3387 1019 3472 antiquissimus
1054 3384 1096 3453 0¹
1124 3382 1169 3472 (.

153 3470 192 3536 de
225 3494 263 3538 eo
295 3471 396 3559 infra)
428 3478 505 3559 post
536 3473 772 3560 praefationem
804 3476 947 3561 spuriam
980 3475 1028 3541 sio
1053 3475 1168 3541 habet:
1290 3486 1298 3521 ¹
