2600 3934
504 150 538 203 V.
557 154 707 205 oet-698.

92 296 253 362 Latrones
277 295 449 362 hincinde
473 294 552 379 duop
574 294 630 359 sed
653 315 748 360 uacca
770 294 907 359 furentis

92 385 239 451 Insultat
260 384 366 468 plebis
387 384 452 450 fixo
476 383 629 466 vaesania
654 380 798 448 Christo:

92 472 181 558 „Hie
205 475 268 558 est,
292 473 348 557 qui
369 473 530 556 templum
550 476 683 557 poterat
703 472 880 537 dissolvere
902 471 1005 554 solus,

94 561 159 626 Hic
183 564 247 643 est,
271 561 326 645 qui
349 561 435 626 trino
459 561 542 626 lucis
565 582 716 645 reparare
740 564 860 625 meatu.
1056 571 1108 625 670

95 648 160 715 Sed
181 671 271 716 nunc
290 648 463 715 descendat
486 649 616 713 subeles
639 648 825 714 veneranda
846 646 992 712 tonantis

95 739 143 805 Et
166 739 270 804 crucis
293 760 312 801 e
332 758 438 823 poena
460 758 641 822 corpusque
665 736 872 821 animamque
894 733 1065 803 resolvat.“

94 826 187 893 Haec
209 827 300 912 vulgi
322 847 472 909 proceres
494 825 661 892 vaecordis
685 824 771 890 dieta
794 828 987 907 acquantum

95 917 206 1001 Atque
229 914 396 988 Pharisaei
420 914 607 998 scribaeque
631 917 664 977 ct
685 912 786 979 factio
810 912 942 978 demens

94 1004 252 1069 Inlndunt
275 1008 430 1087 motuque
453 1005 551 1086 caput
573 1002 767 1087 linguasque
789 1000 940 1086 loquellis
1057 1013 1111 1064 676

94 1092 225 1158 Insania
249 1092 399 1176 quatiunt
422 1095 572 1157 aeternae
595 1090 636 1156 ad
659 1091 792 1156 vincula
812 1110 950 1175 poenae:

94 1180 236 1265 „Nonne
260 1181 343 1246 alios
366 1180 530 1265 quondam
553 1180 699 1245 trucibus
723 1200 855 1244 servare
875 1178 1006 1243 solebat

96 1269 290 1336 Morborum
312 1269 451 1334 vinclis?
475 1290 545 1336 sese
568 1290 625 1333 cur
648 1268 774 1333 solvere
797 1266 912 1350 poenis

96 1357 174 1423 Non
198 1358 307 1423 valet?
344 1357 397 1422 En
419 1378 530 1443 regem
553 1360 685 1423 nostrae
708 1378 805 1441 quem
827 1355 956 1420 credere
980 1353 1089 1439 gentis

95 1446 425 1512 Debuimuszsolvat
447 1446 531 1532 ligni
554 1445 597 1511 <le
616 1446 733 1511 robore
757 1446 886 1529 eorpus!
1057 1456 1110 1507 690

96 1536 188 1600 Tunc
211 1534 333 1600 sanctis
357 1535 454 1621 digne
476 1535 656 1619 poterimus
679 1533 809 1600 credere
832 1531 943 1618 siguis.

98 1622 242 1690 Confidit
264 1623 411 1709 genitore
434 1623 518 1689 Deo:
542 1623 706 1688 dimittere
728 1644 834 1707 poena

99 1711 166 1778 Gur
189 1713 357 1797 propriam
379 1733 447 1776 nou
468 1711 541 1776 vult
564 1711 712 1777 subolem
726 1709 909 1776 veneranda
922 1673 1112 1791 potestas‘l“
1234 1743 1240 1752 =

98 1801 168 1866 Nee
191 1800 299 1865 minus
321 1798 519 1883 increpitant
542 1799 657 1865 dextra
678 1799 833 1882 laevaque
856 1800 1023 1881 gementes

98 1889 209 1954 Adfixi
233 1888 380 1956 crucibus
405 1889 561 1953 scelerum
585 1910 644 1972 pro
668 1892 756 1953 sorte
779 1888 934 1952 latrones.
1059 1898 1114 1950 696

97 1977 170 2042 Iam
193 1977 335 2042 medium
358 1998 471 2042 cursus
492 1977 578 2042 lueis
598 1977 830 2042 conscenderat
853 1974 979 2057 orbem,

100 2064 183 2132 Cum
206 2066 315 2131 subito
339 2087 379 2130 ex
402 2065 505 2131 oeulis
525 2065 613 2151 fugit
635 2064 804 2148 arvisque
826 2062 969 2128 tenebris

99 2153 249 2220 Induitur
271 2153 499 2239 trepidumque
523 2153 608 2218 diem
631 2153 681 2218 sol
703 2157 800 2218 noete
822 2150 978 2217 recondit.

99 2242 163 2307 Ast
184 2242 242 2307 ubi
264 2243 416 2308 turbatus
440 2263 560 2308 nonam
582 2245 789 2325 transegerat
810 2241 926 2306 horam

100 2331 318 2397 Consternata
341 2353 399 2396 suo
422 2330 587 2396 redierunt
610 2330 736 2396 lumina
759 2328 888 2394 mundo.
1058 2341 1111 2393 690

99 2419 145 2484 Et
168 2418 319 2485 Christus
342 2440 463 2505 magna
486 2419 668 2572 penitorum
690 2440 768 2484 voce
791 2417 931 2483 vocabat

100 2507 270 2574 Hebraeae
293 2508 328 2572 in
350 2530 474 2573 morem
511 2507 643 2593 inguae3
666 2508 722 2573 sed
744 2507 854 2572 nescia
875 2504 988 2590 plebes

100 2596 231 2661 Heliam
253 2598 396 2664 vocitare
418 2600 522 2681 putat.
559 2596 643 2661 Tum
666 2596 812 2662 ascitus
836 2616 917 2660 unus

101 2683 249 2770 Cogebat
272 2706 398 2772 spongo
421 2686 511 2769 turpi
535 2686 723 2769 calamoque
745 2685 890 2750 revincto

100 2773 289 2860 Inpressum
312 2773 407 2840 labiis
432 2773 559 2840 acidum
582 2776 696 2856 potare
719 2793 877 2856 saporem.
1060 2783 1113 2834 696

101 2860 219 2928 Cetera
241 2863 338 2927 turba
359 2861 470 2927 furens
494 2861 555 2927 tali
578 2883 650 2926 eum
674 2882 752 2927 voce
775 2858 962 2926 cachinnat:

101 2949 315 3035 „Spectemus
338 2950 474 3035 pariter,
497 2951 650 3016 caelone
673 2949 757 3015 forte
779 2948 935 3014 remissus

101 3037 215 3104 Helias
238 3039 361 3124 veniat,
384 3040 470 3105 celsa
494 3038 608 3124 quiin
631 3038 706 3103 sede
729 3037 879 3123 quiescit,

26 3259 34 3266 .
174 3219 225 3269 667
244 3214 314 3269 dnos
333 3214 399 3269 MR
413 3216 422 3284 ΙΙ
436 3220 488 3271 669
506 3219 533 3270 ct
550 3219 603 3270 670
620 3214 801 3270 transmutati
810 3212 946 3268 0¹·³Bou
958 3214 969 3281 l
982 3216 1035 3266 678
1047 3225 1113 3280 pro·

100 3285 178 3355 prias
197 3303 246 3340 cur
265 3286 372 3341 solvere
390 3300 496 3355 poenas
515 3284 552 3352 R,
570 3285 683 3340 vincere
697 3301 752 3354 pro
771 3284 841 3339 salv.
852 3284 919 3338 Mat
928 3282 1023 3337 TAM
1036 3281 1046 3350 Ι
1060 3287 1112 3336 669

100 3356 246 3411 turbatum
264 3356 309 3419 Μ,
327 3357 472 3413 turbatam
487 3355 515 3411 R
531 3357 536 3423 Ι
551 3356 704 3411 transierat
721 3355 828 3422 ΜΔΕ,
855 3352 1067 3409 banscendsrat
1084 3351 1113 3406 R

106 3426 277 3498 7196699
295 3433 347 3483 694
366 3427 495 3497 sphongo
510 3426 579 3495 ΟΜ,
599 3445 612 3481 s
632 3442 708 3497 ungu
724 3424 882 3482 TLBWJ'
895 3428 905 3496 l
919 3429 971 3481 696
990 3423 1113 3479 acosma

100 3497 148 3566 Μ,
168 3498 272 3553 scitum
293 3497 327 3552 0¹
340 3501 349 3568 ΙΙ
364 3503 415 3553 698
432 3498 462 3552 iu
481 3514 532 3553 om.
551 3445 631 3552 Ball
